3150 5018
240 297 279 355 18
664 298 711 348 DE
726 294 905 349 COMOEDIA
922 296 1062 348 GRAECA

240 470 436 550 σαφέστερον
465 457 536 548 εἶχε,
570 475 620 550 τῆι
643 468 712 531 νέαι
733 469 905 549 κεχρημένη
927 465 1049 545 Ἀτθίδι,
1082 465 1101 550 ip
1125 472 1157 532 δέ
1180 464 1301 532 παλαιά
1322 463 1361 531 τὸ
1384 461 1497 530 δεινὸν

238 576 292 636 καί
315 567 443 651 ὑψηλὸν
465 566 659 650 τοῦλόγου·
682 570 783 633 ἐνίοτε
806 573 838 632 δέ
860 574 914 633 καί
936 566 1157 652 ἐπιτηδεύουσι
1171 573 1271 648 λέξεις
1285 563 1383 646 τινάς.
1416 563 1498 649 δληι
1510 578 1541 628 15

239 677 272 738 δέ
293 669 378 737 καθὸ
400 669 437 763 (ᾗ
459 675 518 748 μέν
541 674 643 736 νέα..
663 667 704 752 ἡ
728 673 760 734 δέ
782 667 903 734 παλαιὰ
918 722 924 735 .
942 721 949 736 .
967 722 974 736 .
991 674 1110 754 μέτρωι
1133 676 1166 736 δέ
1188 668 1291 755 καθὸ)
1312 670 1330 754 ἡ
1352 674 1411 748 μέν
1436 672 1498 735 νέα

238 784 297 840 τῶι
321 779 468 852 ίαμβικῶι
489 775 608 855 μέτρωι
637 773 689 835 ἐπί
717 779 870 836 πλεῖστον
895 777 1018 856 χρῆται,
1052 781 1198 852 σπανίως
1227 777 1261 839 δὲ
1289 779 1343 839 καί
1371 774 1499 854 ἑτέροις

238 881 375 960 μέτροις,
408 884 459 959 τῆι
480 879 514 940 δέ
536 881 670 938 παλαιᾶι
692 880 890 958 πολυμετρία
912 873 950 940 τὸ
974 871 1248 955 σπουδαζόμενον.
1274 881 1439 956 διασκευῆι
1461 877 1498 937 δὲ

238 977 287 1045 δτι
315 980 349 1044 έν
377 981 436 1055 μέν
465 985 516 1060 τῆι
537 979 606 1040 νέαι
631 983 742 1056 χορῶν
771 974 832 1040 ον’κ
865 972 937 1050 ἴδει,
970 978 1005 1041 ἐν
1039 979 1156 1058 έκείνηι
1189 981 1222 1040 δέ
1254 983 1307 1042 καί
1341 974 1497 1054 μάλιστα.

243 1087 290 1143 16.
313 1085 367 1144 καί
389 1076 468 1161 αὐτὴ
492 1082 524 1143 δέ
546 1073 565 1159 ἡ
588 1074 709 1142 παλαιά
738 1077 852 1158 ἑαυτῆς
880 1080 1038 1160 διαφέρει·
1070 1084 1124 1142 καί
1151 1075 1212 1162 γὰρ
1242 1084 1274 1145 οί
1302 1081 1337 1144 ἐν
1358 1086 1410 1161 τῆι
1432 1075 1544 1143 iit-20

199 1239 201 1243 .
237 1189 320 1264 τικῆι
349 1177 482 1263 πρῶτον
510 1176 743 1262 συστησάμενοι
768 1176 807 1243 τὸ
834 1176 1024 1260 ἐπιτήδευμα
1052 1188 1108 1262 τῆς
1137 1185 1320 1257 κωμωιδίας
1342 1174 1437 1262 (ἦσαν
1462 1182 1498 1243 δέ

238 1288 269 1350 oi
291 1288 363 1367 περί
384 1285 612 1364 Σουσαρίωνσ)
639 1277 678 1344 τά
705 1277 865 1363 πρόσωπα
894 1277 1040 1360 άτάκτως
1069 1287 1205 1365 εἰσῆγον,
1238 1289 1292 1348 καί
1320 1285 1422 1362 γέλως
1453 1275 1498 1363 ἦν

236 1381 338 1463 μόνος
360 1382 398 1449 τὸ
419 1377 751 1461 κατασκευαζόμενον.
794 1379 1019 1462 ἐπιγενόμενος
1042 1389 1075 1449 δέ
1098 1382 1115 1450 ὃ
1138 1395 1298 1467 Κρατῖνος
1319 1386 1499 1464 κατέστησε

236 1491 296 1565 μὲν
319 1494 452 1568 πρῶτον
474 1482 514 1550 τά
537 1486 572 1548 έν
593 1491 644 1565 τῆι
666 1489 843 1560 κωμωιδίαι
864 1481 1024 1566 πρόσωπα
1045 1490 1135 1569 μέχρι
1157 1495 1269 1569 τριῶν,
1292 1480 1409 1567 στήσας
1432 1479 1498 1565 τὴν

238 1587 383 1668 άταξίσν,
416 1593 470 1651 καί
499 1591 558 1651 τῶι
583 1591 726 1669 χαρίεντι
754 1594 810 1667 τῆς
838 1592 1022 1665 κωμωιδίας
1050 1585 1088 1653 τὸ
1111 1580 1277 1669 ὠφέλιμον
1299 1589 1543 1669 προσέδηκε,25

237 1687 317 1768 τούς
345 1696 452 1765 κακῶς
480 1684 685 1770 πράσσοντας
707 1685 892 1765 διαβάλλων
914 1695 967 1754 καί
990 1686 1097 1772 ὥσπερ
1121 1695 1267 1772 δημοσίαι
1290 1685 1418 1768 μάστιγι
1443 1695 1501 1771 τῆι

238 1796 417 1870 κωμωιδίαι
438 1789 596 1871 κολάζων.
634 1788 711 1855 άλλ’
727 1791 771 1854 έτι
792 1794 852 1868 μέν
873 1798 927 1856 καί
949 1787 1047 1871 οὗτος
1069 1800 1125 1874 τῆς
1147 1789 1357 1875 άρχαιότητος
1371 1805 1500 1871 μετεῖχε

237 1900 291 1960 καί
319 1892 419 1977 η’ρέμα
448 1917 518 1970 πως
545 1900 602 1974 τῆς
630 1890 780 1970 ἀταξίας·
812 1890 829 1957 ὃ
856 1895 967 1971 μέντοι
993 1919 1028 1975 γε
1048 1891 1273 1977 Ἀριστοφάνης
1294 1887 1501 1972 μεθοδεόσας

237 1991 469 2077 τεχνικώτερον
491 1992 549 2075 τὴν
570 1999 756 2070 κωμωιδίαν
778 2002 846 2060 τῶν
868 1994 946 2072 μεθ’
967 1998 1087 2063 ἑαυτοῦ
1108 1995 1292 2077 α’νέλαμψεν
1315 1997 1349 2061 έν
1370 1990 1500 2060 ἅπασιν

237 2100 390 2179 ἐπίσημος
413 2102 533 2176 φανείς.
1510 2110 1540 2160 30

321 2233 428 2298 1v17.
457 2225 476 2297 δ
501 2236 533 2296 δέ
555 2233 657 2312 γέλως
677 2240 734 2314 τῆς
756 2237 939 2310 κωμωιδέας
962 2234 995 2297 έκ
1017 2257 1051 2298 τε
1073 2237 1192 2313 λέξεων
1214 2240 1269 2299 καί
1291 2228 1500 2315 πραγμάτων

236 2337 296 2416 έχει
318 2330 377 2417 τὴν
400 2331 571 2399 σύστασιν·
604 2333 638 2397 έκ
658 2338 717 2412 μέν
738 2341 806 2399 τῶν
828 2338 947 2413 λέξεων
969 2333 1051 2400 κατὰ
1072 2333 1217 2418 τρόπους
1239 2332 1334 2401 έπτά·
1356 2342 1500 2417 πρῶτον

235 2431 317 2502 καθ’
339 2433 532 2515 ὁμωνυμίαν
554 2431 599 2512 ὡς
620 2432 660 2500 τὸ
675 2433 994 2519 ιδιαφορουμένοις’·
1020 2443 1164 2519 σημαίνει
1185 2435 1246 2520 γάρ
1268 2435 1306 2503 τό
1328 2461 1362 2502 τε
1377 2435 1500 2517 διαφό-

295 2741 297 2745 ‚
324 2677 357 2727 14
375 2673 429 2739 εἶχε
446 2673 549 2738 scripsi:
575 2673 640 2724 ἔσκε.
653 2673 926 2742 υοᾶδ,.ἔχεινε1ἔσχε
941 2674 1025 2725 Anon.
1095 2678 1126 2727 15
1146 2682 1197 2726 τοῦ
1212 2671 1299 2745 λέγειν
1317 2673 1414 2724 rectius
1431 2675 1498 2728 fort.

236 2762 321 2812 Anon.
334 2759 433 2810 codices
446 2759 609 2823 G(Venetus)
622 2759 783 2825 Uaticanus)
802 2759 937 2822 Emensis)
1002 2756 1194 2825 ίπιτηδεύσνσι
1210 2763 1255 2811 καί
1271 2760 1356 2811 Anon.
1367 2761 1428 2822 UE,
1446 2765 1498 2812 καί

235 2839 427 2910 tramitum&
474 2847 506 2896 16
523 2845 617 2894 lacuna
628 2845 775 2908 supplenda
786 2844 820 2893 sd
832 2844 956 2894 Euanthii
970 2845 1050 2895 verba
1061 2846 1130 2895 inira
1140 2846 1267 2909 n.XIIp.
1277 2848 1318 2907 64,
1328 2848 1361 2897 68
1410 2847 1443 2897 16
1453 2861 1496 2911 sq.

221 2932 316 2996 ιἠμέν
327 2932 377 2982 νέα
395 2931 467 2980 κατὰ
479 2931 511 2980 τδ
524 2925 655 2980 πλεῖστον
673 2932 819 2998 στρέφεται
837 2933 900 2997 περί
920 2931 952 2979 τδ
965 2932 1104 2995 ίαμβικδν,
1124 2935 1248 2981 σπανίων
1267 2925 1297 2980 δέ
1312 2932 1418 2997 μέτρον
1436 2932 1495 2982 ire-

234 3034 284 3084 ρον
300 3017 373 3083 (περί
387 3017 419 3065 τδ
432 3010 526 3083 ἕτερον
536 3017 640 3083 μέτρον
652 3016 687 3077 Ut
697 3016 782 3065 Anon.
851 3015 882 3065 18
901 3017 932 3063 έν
951 3009 981 3064 δέ
999 3020 1045 3080 τῆι
1062 3010 1177 3066 παλαιᾶι
1194 3016 1278 3066 Anon.
1357 3018 1388 3067 19
1407 3023 1498 3084 χοροῦ

233 3103 318 3152 Anon.
390 3094 420 3149 δέ
432 3104 478 3150 καὶ
489 3096 609 3166 μάλιστα
627 3101 663 3159 Q:
683 3094 713 3154 δέ
727 3093 849 3164 μάλιστα
865 3099 975 3162 ΒΜΡἾ,
993 3095 1022 3149 δέ
1041 3093 1085 3149 δεῖ
1100 3100 1184 3154 Anon.
1253 3103 1294 3152 20.
1305 3102 1336 3152 21
1356 3103 1387 3150 έν
1402 3095 1494 3152 ’Arra-

234 3191 281 3251 κῆι,
296 3187 344 3245 Qv
361 3191 388 3236 et
404 3186 489 3235 Anon.
560 3186 608 3236 ,22
628 3187 691 3251 περί
709 3184 891 3251 Σαννυρίωνα
907 3185 992 3234 Anon.
1011 3237 1013 3244 ,
1078 3187 1188 3253 εἰσῆγον
1206 3186 1332 3236 ἀτάκτως
1352 3184 1439 3235 Anon.

234 3273 276 3322 22.
286 3272 319 3321 23
337 3273 384 3321 καί
400 3272 486 3335 μόνος
504 3268 538 3333 ἦν
554 3265 638 3338 γέλως
653 3270 737 3318 Anon.
795 3270 830 3319 24
848 3258 982 3334 συοτήσαὲ
998 3269 1082 3322 Anon.
1099 3262 1219 3334 plerique
1236 3270 1297 3320 libri
1351 3271 1384 3320 26
1403 3271 1494 3337 πράτ-

236 3370 336 3406 τονται
352 3355 436 3405 Anon.
506 3356 538 3406 27
556 3354 616 3404 fort.
634 3349 695 3417 ἀλλ’
714 3355 756 3404 ἔτι
771 3355 828 3419 μην
896 3357 930 3407 29
949 3356 1000 3419 τὴν
1017 3373 1086 3420 κωμ.
1105 3354 1165 3406 τῶν
1180 3349 1251 3420 μεθ’
1266 3356 1367 3405 έαντοδ
1381 3355 1493 3419 scripsi:

235 3439 295 3491 τῶν
311 3429 383 3505 μεθ>
397 3440 497 3489 ἑαυτοῦ
513 3440 564 3503 την
581 3457 651 3503 κωμ.
663 3439 746 3488 Anon.
765 3440 816 3502 τήν
834 3458 903 3505 κωμ.
922 3443 952 3490 έν
970 3443 1067 3504 ταδτηι
1084 3441 1192 3490 Tzetzae
1210 3440 1283 3491 oodd.
1336 3434 1495 3506 ένέλαμψεν

233 3526 319 3576 Anon.
408 3526 442 3575 30
468 3528 575 3592 φανείεε
602 3521 702 3591 ὀφθείε
722 3524 796 3573 οδτω
819 3523 877 3586 (hoe
899 3540 948 3574 om.
966 3525 1012 3588 U),
1038 3529 1084 3575 καί
1107 3527 1181 3575 οὕτω
1206 3530 1300 3575 πᾶσαν
1325 3519 1495 3588 κωμωιδίαν

234 3603 384 3675 ίμελέτησε.
420 3611 466 3657 καί
489 3610 541 3676 γὰρ
565 3610 598 3658 τδ
623 3611 722 3658 τούτου
748 3601 840 3675 δρᾶμα
858 3609 873 3657 δ
890 3604 1015 3659 Πλοῦτος
1037 3610 1194 3678 νεωτερίζει
1217 3611 1288 3660 κατὰ
1312 3610 1344 3658 τδ
1362 3603 1493 3674 πλάσμα·

235 3695 286 3758 τήν
305 3711 335 3744 τε
355 3695 408 3762 γὰρ
426 3694 566 3744 ὑπόδεσιν
591 3694 627 3743 ὥσ
649 3688 743 3757 ἀληθῆ
759 3693 813 3757 ἔχει
832 3695 878 3742 καί
896 3699 988 3760 χορῶν
1010 3696 1166 3762 ἐστέρηται,
1190 3696 1259 3761 ὅπερ
1283 3698 1332 3758 τῆς
1354 3697 1494 3762 νεωτέρας

221 3783 337 3848 ,ὑπῆρχε
354 3773 514 3844 κωμωιδίασ
530 3778 614 3827 Anon.
632 3793 699 3840 quae
717 3782 777 3828 sunt
794 3777 866 3827 illius
885 3765 1064 3830 additamenta¹
1079 3781 1125 3843 qui
1145 3781 1252 3830 Plutum
1274 3778 1389 3828 fabulam
1409 3778 1492 3829 inter·

233 3872 384 3930 pretaturus
402 3866 464 3914 haec
482 3864 613 3928 praetatus
630 3869 685 3913 erat

319 3952 358 4000 1v
381 3951 470 4001 erdem
487 3949 619 3998 Duebneri
636 3948 775 4010 Anon.VI‚
794 3948 867 3997 cuius
885 3949 984 3999 codices
996 3949 1301 4012 VGOM(ediolanensist;
1323 3947 1350 3997 in
1371 3945 1421 3996 θΜ
1440 3948 1492 3999 hoo

234 4041 312 4101 eaput
330 4041 387 4100 post
403 4038 487 4086 Anon.
506 4035 545 4084 1v
563 4035 653 4099 (supra
670 4050 696 4098 p.
716 4036 758 4092 12)
779 4034 905 4096 sequitur,
929 4048 1040 4095 quorum
1057 4037 1114 4082 arta
1131 4033 1275 4098 argumenti
1298 4033 1491 4084 necessitudine

234 4124 400 4173 coniunctum
412 4127 451 4171 est
502 4123 533 4171 31
554 4121 570 4168 δ
589 4114 619 4168 δέ
635 4114 720 4188 γέλως
735 4120 828 4168 Tretzs
839 4123 865 4167 et
876 4117 959 4168 Anon.
972 4119 1027 4169 eod.
1040 4119 1081 4168 M:
1100 4120 1145 4168 ὅτι
1162 4121 1178 4168 δ
1194 4114 1278 4187 γέλων
1294 4119 1378 4169 Anon.
1391 4118 1492 4182 reliqui

233 4206 295 4255 libri
357 4208 391 4258 32
410 4210 457 4270 τῆσ
474 4198 571 4264 λέξεων
586 4205 671 4254 Anon.
689 4204 792 4265 rectius,
810 4202 877 4253 siout
888 4204 965 4252 etiam
983 4220 1008 4254 v.
1018 4204 1049 4254 31
1068 4209 1182 4268 praestat
1200 4199 1297 4262 λέξεων
1312 4203 1427 4253 scribere

233 4292 315 4354 33⁵sp
335 4285 563 4358 διαφορουμένων
580 4289 633 4351 (vel
650 4291 752 4354 -μενσσγ
776 4289 837 4339 οἷον
862 4289 894 4338 τδ
915 4289 1027 4355 μέτρον.
1051 4283 1180 4356 δεύτερον
1197 4288 1281 4338 Anon.
1299 4287 1400 4338 omissis
1421 4303 1491 4351 quse

233 4374 385 4425 intermedia
403 4379 477 4424 erant
553 4375 594 4426 33.
605 4376 640 4426 34
658 4369 791 4442 διάφοροι
806 4374 933 4423 inimicus
950 4379 976 4423 et
995 4375 1027 4424 τδ
1040 4368 1176 4442 διάφορον
1194 4373 1311 4435 luorum,
1329 4388 1491 4436 quamquam

232 4464 353 4509 neutrum
371 4459 450 4511 verbo
469 4453 667 4526 διαφορεῖσθαι
684 4458 796 4522 exprimi
813 4463 915 4522 poterat
