3150 5018
562 266 774 316 Tasmenon
791 232 903 316 vanni
1316 261 1355 321 79

101 432 186 500 καθ’
209 430 289 498 αὑτό
311 449 419 515 κρῖναι
441 441 495 499 καί
517 432 598 518 πρὸς
620 433 659 501 τά
681 440 811 516 θέατρα,
835 432 935 513 άλλος
956 432 1064 516 λόγος·
1099 441 1271 521 γενομένης
1293 434 1357 504 odo

63 601 65 605 ,
103 535 164 602 ἀπ’
186 534 284 620 άρχῆς
313 536 624 620 αύτοσχεδιαστικής,
653 544 706 602 καί
735 534 815 619 αάτή
844 543 898 602 καί
926 534 945 619 ή
973 544 1139 617 κωμωιδία
1168 546 1221 604 καλ
1251 537 1269 622 ii
1298 545 1356 617 μὲν
1438 598 1442 605 .

103 637 168 704 άπὸ
198 647 265 704 τῶν
293 635 498 722 ἐξαρχόντων
526 636 585 704 τὸν
617 638 835 722 διθύραμβον,
864 634 939 721 tea
961 638 1026 705 άπὸ
1048 650 1116 706 τῶν
1139 639 1177 707 τὰ
1206 640 1357 723 ωαλλικά,

103 739 122 806 ἃ
146 743 191 806 έτι
217 745 272 805 καί
300 748 362 806 νῦν
392 743 426 806 έν
455 751 592 818 πολλαῖς
621 750 688 807 τῶν
716 739 846 807 πόλεων
874 745 1011 819 διαμένει
1037 740 1246 825 νομιζόμενα,
1276 743 1358 810 κατὰ

102 840 220 926 μικρὸν
234 839 359 926 ηὐξήθη
374 839 592 927 προαγόντων
614 840 694 909 ὅσον
717 845 857 924 ἐγίγνετο
877 841 1020 926 ρανερὸν
1036 843 1143 928 αὐτῆς,
1165 853 1219 910 καί
1234 845 1359 925 πολλάς

102 943 281 1025 μεταβολάς
307 948 535 1024 μεταβαλοῦσα
557 943 576 1028 ή
599 951 773 1027 τραγωιδία
796 944 969 1027 ἐπαύσατο,
1000 949 1065 1011 ἐπεὶ
1088 947 1155 1028 έσχε
1177 945 1235 1031 τήν
1259 947 1359 1032 αὐτῆς

27 1082 30 1087 ·
104 1045 209 1128 φάσιν.
244 1057 478 1139 tumpostquam
493 1048 530 1109 de
544 1048 710 1129 tragoediae
728 1049 915 1110 incrementis
928 1048 1010 1123 dixit,
1025 1050 1120 1131 pergit
1134 1071 1158 1112 ο.
1174 1055 1193 1113 5
1208 1073 1238 1132 p.
1252 1054 1360 1113 1449a

67 1230 69 1235 Ι
106 1154 163 1215 30:
186 1148 205 1233 ή
229 1154 262 1215 δέ
284 1154 450 1227 κωμωιδία
473 1151 558 1215 ἐστὶν
581 1147 688 1232 ὥσπερ
712 1151 842 1227 εἴπομεν
863 1157 990 1233 μίμησις
1012 1156 1225 1233 φαυλοτέρων
1244 1157 1303 1230 μὲν
1319 1151 1361 1219 οὐ

103 1257 214 1331 μέντοι
235 1249 318 1317 κατὰ
339 1260 447 1316 πᾶσαν
469 1259 595 1333 κακίαν,
618 1250 701 1317 άλλὰ
721 1261 783 1318 τοῦ
798 1258 932 1333 αἰσχροῦ
948 1253 1013 1316 ἐστι
1028 1251 1066 1317 τὸ
1081 1262 1211 1332 γελοῖον
1225 1251 1360 1337 μόριον·

103 1353 142 1420 τὸ
164 1351 225 1435 γάρ
248 1350 377 1435 γελοῖόν
400 1356 485 1419 ἐστιν
508 1350 678 1436 ἁμάρτημά
700 1381 730 1419 τι
748 1361 802 1418 καί
817 1356 926 1436 αἶσχος
941 1351 1114 1421 ἀνώδυνον
1128 1362 1183 1420 καί
1198 1355 1240 1422 ου’
1256 1365 1360 1438 φθαρ-

104 1455 206 1538 τικόν,
229 1457 303 1522 οἷον
326 1454 425 1534 εὐθὺς
447 1453 484 1521 τὸ
505 1465 635 1537 γελοῖον
651 1453 832 1540 πρόσωπον
847 1453 980 1539 αἰσχρόν
995 1482 1025 1521 τι
1040 1463 1094 1522 καί
1110 1462 1359 1540 διεστραμμένον

104 1551 184 1626 άνευ
213 1555 337 1641 όδόνης.
395 1563 427 1623 ai
455 1563 514 1636 μὲν
543 1554 606 1624 οὖν
634 1567 690 1641 τῆς
717 1564 911 1641 τραγωιδίας
938 1556 1124 1638 μεταβάσεις
1152 1565 1206 1625 καὶ
1234 1559 1282 1626 δι’
1311 1555 1359 1624 ὦν

105 1664 255 1742 έγένοντο
284 1659 326 1726 οὐ
354 1656 539 1746 λελήθασιν,
568 1658 645 1743 ή“δέ
673 1666 838 1739 κωμωιδία
869 1657 919 1726 διά
942 1659 980 1725 τό
1002 1658 1044 1744 μή
1068 1658 1303 1743 σπουδάζεσθαι
1326 1665 1361 1741 ἐξ

105 1763 204 1847 άρχῆς
227 1751 359 1828 ἔλαθεν·
386 1768 440 1827 καί
462 1760 522 1844 γὰρ
542 1759 645 1846 χορόν
666 1767 849 1840 κωμωιδῶν
871 1762 933 1842 ὀψέ
954 1787 1033 1828 ποτε
1056 1761 1074 1827 ὃ
1098 1757 1207 1845 άρχων
1231 1765 1360 1846 ἔδωκεν,

104 1864 182 1931 ἄλλ’
203 1867 371 1930 ἐθελονταί
399 1861 490 1947 ἦσαν.
535 1862 594 1947 ήδη
624 1869 656 1930 δὲ
685 1861 828 1947 σχήματά
849 1890 922 1930 τινα
944 1864 1042 1948 αότής
1064 1863 1197 1948 ἰχοάσης
1218 1870 1250 1931 οὶ
1272 1865 1361 1948 λεγό-

103 1993 196 2047 μενοι
225 1966 324 2054 αάτῆς
352 1972 483 2048 ποιηταί
510 1963 778 2047 μνημονεύονται.
824 1973 873 2045 τίς
902 1971 935 2032 δὲ
964 1964 1124 2050 πρόσωπα
1152 1967 1358 2051 άπέδωκενῆ

105 2066 291 2153 προλόγους
318 2066 337 2151 ή
367 2064 476 2150 πλήθη
504 2065 692 2151 ὑποκριτῶν
722 2076 776 2134 καί
806 2066 867 2134 ὅσα
895 2077 1030 2134 τοιαῦτα
1058 2066 1228 2153 ἠγνόηται·
1262 2068 1299 2136 τὸ
1328 2075 1360 2135 δὲ

104 2168 234 2250 μάθους
262 2184 368 2236 ποιεῖν
390 2167 574 2251 Ἐπίχαρμος
596 2177 651 2235 καί
677 2168 813 2254 Φόρμις·
840 2168 878 2236 τό
899 2175 958 2249 μέν
981 2173 1015 2250 ἐξ
1036 2170 1134 2253 άρχής
1157 2175 1191 2252 ἐξ
1212 2180 1360 2250 Σικελίας

105 2270 201 2357 ἦλθε,
223 2282 291 2339 τῶν
313 2276 346 2337 δέ
369 2268 536 2355 Ἀθήνησιν
551 2269 677 2354 Κράτης
699 2282 830 2356 πρῶτος
851 2269 947 2355 ἦρξεν
971 2272 1129 2355 ἀφέμενος
1144 2283 1199 2357 τῆς
1215 2280 1360 2356 ἰαμβικῆς

106 2380 190 2454 ἰδέας
211 2371 359 2440 καθόλου
382 2388 487 2439 ποιεῖν
509 2371 628 2454 λόγους
649 2381 703 2439 καί
723 2373 857 2454 μύθους.

191 2478 228 2539 da
249 2476 399 2539 comoedia
419 2476 624 2556 antiquissima
646 2479 725 2539 vasis
746 2480 930 2560 potissImum
952 2479 1090 2541 adhibitis
1112 2478 1200 2559 plura
1216 2479 1281 2540 sciti
1295 2500 1363 2559 pos-

107 2591 191 2656 sunt,
219 2581 257 2643 ef.
278 2578 491 2660 Poppelrenter
518 2578 567 2639 De
592 2599 666 2642 eom.
688 2579 752 2644 Att.
774 2581 940 2662 primordiis
962 2580 1059 2642 Beroi.
1083 2582 1175 2643 1893.
1218 2580 1365 2642 AKoerte'

107 2682 207 2745 Iahrb.
228 2682 281 2743 des
302 2679 383 2742 arch.
405 2680 480 2742 Inst
496 2679 579 2742 VIII
599 2681 708 2758 (1893)
730 2703 759 2762 p.
776 2686 825 2746 61.
869 2682 964 2744 Bothe
986 2681 1151 2761 Prolegom.
1174 2704 1203 2763 p.
1218 2686 1269 2745 48.

194 2802 222 2862 2.
243 2799 322 2863 Poll.
337 2799 387 2863 IV
404 2801 465 2862 109
493 2795 512 2863 δ
541 2803 573 2862 δέ
603 2797 745 2877 κωμικός
765 2797 865 2882 χορὸς
887 2803 1039 2883 τέτταρας
1061 2808 1114 2865 καί
1136 2803 1256 2866 εἴκοσιν
1279 2797 1360 2883 ἦσαν

108 2907 140 2969 οἱ
158 2908 321 2986 χορευταί,
343 2897 423 2982 ζυγά
443 2901 486 2979 έξ,
510 2901 645 2966 έκαστον
661 2906 693 2966 δὲ
709 2899 808 2982 ζυγόν
824 2904 858 2965 έκ
873 2900 1047 2985 τεττάρων,
1070 2916 1192 2983 στοῖχοι
1208 2907 1240 2967 δέ
1256 2908 1362 2968 τέττα·

108 3029 171 3087 ρες,
192 3005 228 3084 έξ
242 2997 362 3085 ἄνδρας
384 3005 466 3084 έχων
481 3003 614 3080 ἕκαστος
636 3018 770 3084 στοῖχος.
810 3005 848 3068 cf.
864 3004 956 3067 schol.
970 3003 1024 3068 Ar.
1039 3005 1100 3068 Av.
1114 3007 1184 3067 297.
1199 3004 1277 3068 Ran.
1290 3009 1360 3068 354.

108 3106 146 3168 de
167 3106 256 3169 choro
278 3106 415 3187 bipertito
437 3104 530 3169 schol.
552 3106 605 3170 Ar.
628 3105 685 3186 Eq.
702 3110 773 3169 589.

193 3208 270 3270 idem
291 3207 360 3272 ibid.
377 3211 436 3270 111
460 3215 528 3271 τῶν
551 3211 583 3271 δὲ
601 3211 745 3288 χορικῶν
768 3205 934 3286 άισμάτων
955 3217 1023 3272 τῶν
1043 3215 1196 3285 κωμικῶν
1212 3208 1246 3272 έν
1261 3233 1291 3271 τι
1307 3214 1361 3272 καί

106 3311 125 3392 ή
150 3307 343 3394 παράβασις,
367 3307 448 3375 όταν
470 3306 490 3374 t
512 3306 531 3374 δ
554 3307 687 3391 ποιητής
709 3306 791 3390 πρὸς
813 3306 849 3374 τὸ
872 3313 1013 3391 θέατρον
1035 3307 1185 3387 βούλεται
1207 3313 1319 3390 λέγειν,
1342 3310 1360 3374 ὁ

105 3410 205 3497 χορὸς
234 3409 409 3495 παρελθὼν
438 3415 535 3493 λέγηι.
580 3414 725 3489 ἐπιεικῶς
748 3411 767 3476 δ
775 3410 782 3432 '
805 3408 883 3476 αότὶ.
908 3420 1060 3477 ποιοῦσιν
1084 3415 1115 3475 oi
1137 3415 1361 3487 κωμωιδοποι-

108 3523 190 3598 ηταί,
212 3504 367 3597 τραγικὸν
388 3518 421 3578 δέ
444 3511 505 3579 οόκ
528 3516 621 3580 ἐστιν.
668 3513 704 3575 de
719 3513 857 3595 parabasi
876 3535 906 3577 v.
922 3535 1013 3595 supra
1026 3535 1054 3595 p.
1070 3517 1099 3576 4.
1117 3516 1156 3574 22
1179 3534 1246 3574 cum
1261 3512 1363 3576 adnot.

108 3617 273 3699 Hephaest.
293 3638 323 3698 p.
341 3619 411 3690 135,
426 3619 455 3678 5.
479 3618 549 3688 139,
567 3619 615 3678 13.
781 3682 782 3686 ,

193 3718 269 3780 idem
290 3718 329 3782 ib.
346 3721 407 3780 118
429 3717 467 3779 do
488 3727 620 3779 aetorum
640 3716 751 3780 habitu.
784 3721 952 3780 143-154
974 3717 1011 3778 de
1033 3718 1176 3798 personis.
1197 3729 1202 3736 ‘

195 4011 223 4070 3.
246 4007 348 4088 [Xan]
363 4009 439 4089 Rep.
453 4006 566 4071 Athen.
580 4006 616 4068 H
632 4010 671 4069 18
693 4012 873 4082 κωμωιδεῖν
889 4004 921 4071 δ’
937 4002 977 4071 αδ
993 4012 1052 4089 καὶ,
1062 4014 1169 4083 κακῶς
1184 4008 1287 4084 λέγειν
1303 4002 1362 4069 τόν

107 4113 167 4187 μέν
189 4114 290 4191 δῆμον
314 4109 375 4177 οάκ
397 4113 503 4188 ἐῶσιν,
532 4113 586 4173 ίνα
612 4105 654 4189 μή
678 4106 772 4173 αότοί
800 4105 945 4173 άκοόωσι
967 4108 1089 4188 κακῶς,
1122 4113 1197 4173 ἰδίαι
1220 4111 1253 4173 δέ
1275 4103 1364 4189 <καὶ>

109 4208 297 4277 κελεύουσιν
320 4213 351 4276 εἰ
369 4219 417 4289 τίς
438 4235 511 4276 τινα
532 4207 693 4290 βούλεται,
717 4205 752 4274 εδ
768 4207 885 4288 εἰδότες
907 4207 958 4275 ὅτι
978 4207 1052 4289 ου’χί
1073 4217 1133 4274 τοῦ
1149 4205 1253 4291 δήμου
1276 4209 1363 4273 έσται

110 4311 185 4378 ου’δέ
200 4323 261 4379 τοῦ
276 4311 425 4396 πλήθους
447 4311 465 4377 δ
487 4311 758 4391 κωμωιδοόμενος
782 4309 826 4389 ὡς
849 4314 900 4376 ἐπὶ
921 4309 959 4376 τό
975 4308 1058 4375 πολὺ
1084 4309 1188 4392 άλλ’ἢ
1205 4308 1363 4388 πλούσιος

109 4413 128 4498 ή
142 4430 291 4495 γενναῖος
305 4413 323 4497 ἢ
341 4411 527 4494 δυνάμενος.
560 4415 663 4496 ὀλίγοι
680 4419 712 4481 δέ
727 4438 811 4491 τινες
832 4422 899 4478 τῶν
915 4408 1062 4496 πενήτων
1085 4419 1221 4478 καὶτῶν
1237 4418 1362 4496 δημοτι·
