3150 5018
583 287 630 336 DE
647 287 826 338 COMOEDIA
843 286 971 336 DORIOA
1368 275 1407 334 75

154 479 222 538 gen.
245 473 275 538 p'.
293 460 354 521 100
376 457 457 531 Milli
485 453 694 538 εέθύφαλλοι·
727 458 811 534 εἶδος
839 455 935 538 ωἰδῆς
964 454 1154 538 ω’ρχημὲνης.
1201 455 1266 517 ἐστὶ
1295 456 1327 516 δὲ
1356 457 1409 515 καὶ

120 573 121 577 ’
155 564 284 626 αἰδοῖον
307 557 510 641 δερμάτινον,
533 565 585 623 καί
608 557 716 642 τελετή
737 585 785 637 τις
807 564 879 640 περὶ
901 555 959 622 τὸν
974 553 1136 624 Διόνυσον
1158 561 1212 620 καλ
1234 563 1285 636 tiit
1304 576 1406 618 κωκυ·

155 676 209 727 τοῖ
228 662 280 738 (an
298 662 471 738 Κοτυτοῖί)
493 659 640 744 άγομίνη.

240 763 375 846 ΗεεγσΙι.
397 760 640 841 αύτοκάβδαλα·
664 762 851 844 αὐτοσχέδια
874 758 1045 844 ποιήματα,
1069 760 1188 843 εὐτελῆ.
1233 758 1295 821 An.
1310 756 1408 821 Bekk.

154 866 226 936 467,
245 865 284 924 12
306 884 345 925 ex
366 863 524 946 Eupolidis
546 865 719 928 Maricante.

199 1154 201 1158 Α
298 1067 492 1132 SIOYONII
513 1068 552 1132 cf.
572 1087 658 1133 σεεν.
676 1071 694 1129 2

241 1189 269 1249 3.
291 1186 448 1248 Honestus
470 1186 510 1251 A.
531 1188 565 1249 P.
587 1187 639 1248 XI
661 1189 701 1249 32

328 1303 461 1387 Μούσης
482 1312 657 1388 νουθεσίην
679 1312 936 1386 φιλοπαίγμονος
959 1301 1069 1385 εύρετο
1092 1298 1227 1382 Βάκχος,

415 1404 442 1473 ὦ
464 1405 607 1490 Σικυιόν,
629 1410 664 1473 ἐν
687 1414 738 1474 σοί
760 1416 874 1485 κῶμον
896 1399 986 1486 άγωυ
1008 1411 1177 1486 Χαρίτων·
1208 1480 1210 1485 Ι

330 1507 367 1590 δη
388 1507 449 1592 γὰρ
473 1511 602 1591 ἔλεγχον
625 1512 684 1592 ἔχει
706 1506 954 1593 γλυκερωτατον
976 1509 1011 1572 ἐν
1033 1531 1066 1572 τε
1089 1509 1203 1587 γέλωτι

416 1615 570 1693 κέντρον·
588 1611 638 1693 χω’
658 1608 792 1690 μεθύων
814 1607 915 1675 άστὸυ
938 1605 1168 1691 ἐσωφρόνισεν.
1245 1648 1248 1655 ,

297 1813 591 1880 MEGARENSES

240 1934 270 1994 4.
291 1932 415 1996 Aristot.
437 1934 519 1999 Poet.
543 1939 603 1998 ε.3
625 1956 654 1998 v.
676 1953 763 1997 σεεν.
781 1936 807 1996 1.

241 2053 270 2113 5.
291 2049 386 2116 Arist.
406 2052 478 2116 Eth.
499 2053 566 2117 Nic.
588 2051 634 2117 IV
658 2057 676 2116 6
699 2074 730 2134 p.
748 2055 855 2114 1123a
879 2056 917 2114 21
942 2054 976 2118 ἐν
1005 2049 1066 2134 γάρ
1087 2065 1157 2130 τοῖς
1185 2063 1312 2133 μικροῖς
1339 2055 1407 2113 τῶν

156 2149 396 2233 δαπανημάτων
423 2152 531 2219 πολλὰ
560 2154 724 2221 άυαλίσκει
749 2153 778 2230 (ὁ
801 2153 977 2233 βάναυσος)
1001 2159 1054 2218 καί
1078 2150 1298 2234 λαμπρύνεται
1320 2146 1407 2231 παρά

154 2255 261 2334 μέλος,
284 2253 358 2319 οἷον
380 2252 548 2339 ἐρανιστάς
570 2265 713 2339 γαμικῶς
735 2258 850 2322 ἑστιῶν
872 2261 927 2321 καί
944 2261 1128 2333 κωμωιδοῖς
1140 2262 1290 2337 χορηγῶν
1306 2254 1341 2317 ἐν
1356 2259 1407 2334 τῆι
1458 2257 1464 2269 “

155 2350 302 2435 παρόδωι
330 2355 506 2439 πορφύραν
535 2364 702 2441 εἰσφέρων,
732 2356 840 2440 ὥσπερ
863 2361 894 2423 oi
916 2369 1079 2441 Μεγαρεῖς.
1125 2356 1178 2418 ubi
1199 2355 1291 2420 schoi
1316 2374 1405 2419 anon.

155 2477 184 2537 p.
202 2459 278 2544 186,
302 2460 321 2520 9
347 2457 500 2541 Heylbut:
535 2459 673 2545 σύνηθες
706 2463 740 2527 ἐν
773 2464 950 2539 κωμωιδίαι
984 2457 1259 2541 παραπετάσματα
1289 2460 1409 2538 δέρρεις

156 2573 271 2640 ποιεῖν,
305 2558 345 2625 ού
379 2568 591 2643 πορφυρίδας.
643 2571 810 2646 Μυρτίλος
842 2564 876 2627 ἐν
913 2559 1105 2628 Τιταυόπασι
1138 2563 1162 2644 <.
1180 2613 1187 2627 .
1205 2612 1237 2628 ..
1265 2558 1409 2636 Εύπολις

155 2660 412 2744 Προσπαλτίοις)
428 2661 480 2729 ιτὸ
504 2665 587 2731 δεῖν’
609 2664 756 2745 άκούεις,·
771 2663 945 2747 Ἡράκλεις,
968 2663 1065 2730 τοῦτ’
1080 2667 1147 2730 ἐστί
1161 2682 1212 2730 σοι
1228 2661 1264 2729 τὸ
1282 2662 1406 2738 σκῶμμ”
1427 2675 1429 2679 ’

149 2761 285 2844 ’άσελγές
312 2771 364 2830 καὶ
387 2765 571 2851 Μεγαρικὸν
598 2773 653 2833 καλ
675 2765 800 2848 σφόδρα
821 2763 966 2849 ψυχρόν·
999 2776 1088 2847 γελᾶι
1108 2764 1197 2848 <γάρ,
1232 2763 1296 2843 ὡς)
1313 2763 1407 2846 δρᾶις

154 2864 194 2931 τὰ
223 2872 333 2933 παιδία
343 2866 358 2934 '.
405 2866 613 2951 διασύρονται
642 2866 704 2951 γάρ
733 2873 765 2934 oi
790 2879 946 2949 Μεγαρεῖς
975 2869 1009 2933 ἐν
1038 2873 1226 2949 κωμωιδίαι,
1260 2868 1327 2953 ἐπεί
1355 2871 1408 2930 καί

155 2967 401 3035 άντιποιοῦνται
431 2969 531 3053 αὐτῆς
560 2971 606 3050 ὡς
634 2970 711 3053 παρ’
734 2969 846 3049 αύτοῖς
867 2979 1002 3053 πρῶτον
1024 2967 1216 3053 εὑρεθείσης,
1250 2969 1332 3048 εἴγε
1354 2973 1407 3031 καί

154 3078 350 3152 Σονσαρίων
378 3071 396 3137 ό
427 3071 589 3155 κατάρξας
617 3079 801 3152 κωμωιδίας
824 3069 995 3153 Μεγαρεύς.
1042 3071 1087 3150 ὡς
1115 3076 1265 3155 φορτικοὶ
1294 3077 1409 3137 τοίνυν

155 3177 209 3236 καί
235 3180 356 3258 ψυχροί
384 3172 613 3252 διαβάλλονται
641 3182 696 3241 καί
723 3181 901 3259 πορφυρίδι
926 3172 1088 3257 χρεόμενοι
1118 3175 1152 3238 ἐν
1178 3181 1229 3255 tiit
1251 3169 1431 3254 παρόδωι.·

154 3279 209 3339 καί
245 3284 327 3354 γοῦν
363 3275 395 3355 (i
426 3274 499 3360 γάρ)
531 3275 760 3362 Ἀριστοφάνης
804 3274 1017 3343 ἐπισκώπτων
1061 3274 1182 3354 αύτούς
1220 3279 1303 3356 λε’γει
1341 3300 1406 3341 που

155 3375 262 3458 (Vesp.
278 3380 331 3457 58)
348 3375 442 3461 ‘unii'
464 3375 506 3444 αὖ
528 3384 652 3461 γε’λωτα
667 3378 857 3462 Μεγαρόθεν
879 3382 1094 3457 κεκλεμμένον
1103 3377 1119 3445 '.
1159 3377 1242 3445 άλλόι
1264 3385 1318 3444 καί
1343 3377 1405 3446 'iiu-

155 3484 310 3562 φαντίδης
331 3477 549 3561 παλαιότατος
571 3482 705 3567 ποιητὴς
726 3492 794 3549 τῶν
817 3481 961 3564 ιέρχαίων
977 3488 1055 3564 φησί
1071 3480 1267 3564 ιΜεγαρικῆς
1281 3505 1409 3559 κωμωι-

155 3584 225 3657 δίας
245 3576 330 3658 άσμα
352 3586 467 3659 δίειμαι
489 3582 719 3665 αἰσχυνόμενος
741 3581 776 3650 τὸ
801 3589 905 3665 δρᾶμα
925 3581 1107 3665 Μεγαρικὸν
1130 3583 1260 3650 ποιεῖν’.
1285 3588 1429 3666 δείκνυ-Ι

155 3706 208 3746 ται
229 3679 289 3763 γὰρ
312 3683 348 3747 ἐκ
368 3682 505 3751 πάντων
526 3685 655 3752 τούτων
678 3683 728 3751 ὅτι
743 3697 897 3767 Μεγαρεῖς
919 3695 975 3766 τῆς
996 3690 1180 3763 κωμωιδίας
1203 3684 1335 3768 εύρεταί.
1369 3685 1407 3747 of.

155 3782 248 3846 schoL
269 3783 362 3848 Arist
384 3786 479 3868 Vesp.
502 3792 552 3852 58.

242 3907 270 3966 6.
296 3903 607 3985 Ps.Diogen.11188
629 3909 730 3987 γε’λως
743 3902 941 3988 Μεγαρικός·
963 3906 1104 3971 ἐπὶτῶν
1127 3902 1242 3987 άτόρως
1263 3913 1406 3987 θρυπτο·
1512 3938 1513 3942 ’

154 4008 270 4082 μένων.
316 4003 436 4089 ἤκμασε
458 4005 519 4098 γάρ
541 4006 561 4091 ἡ
583 4006 746 4090 Μεγαρικη
768 4013 934 4086 κωμωιδία
956 4010 1008 4073 ἐπὶ
1026 4004 1161 4091 χρόνον,
1187 4003 1227 4088 ἣν
1248 4005 1407 4088 Ἀθηναῖοι

154 4105 429 4186 καταμωκώμενοι
451 4110 579 4189 ἐγέλωυ.

239 4224 419 4307 Megaricam
446 4229 626 4290 comoediam
655 4228 770 4290 nullam
797 4228 891 4290 fuisse
919 4229 990 4290 olim
1019 4213 1219 4293 contendebat
1245 4227 1411 4291 vWilamo·

154 4327 219 4389 witz
246 4326 379 4390 Hermae
399 4329 450 4390 IX
476 4332 625 4412 326 sqq.
669 4342 701 4392 at
728 4330 795 4394 vide
823 4330 900 4392 idem
927 4351 1004 4411 quae
1032 4330 1106 4391 dixit
1134 4329 1298 4393 Commeat.
1326 4340 1407 4393 metr.

154 4428 189 4490 H
204 4431 245 4493 33
259 4451 303 4511 sq.
335 4429 431 4493 Bothe
445 4431 611 4513 Prolegom.
633 4453 662 4513 p.
679 4436 728 4496 64.
750 4441 854 4513 poetae
877 4453 930 4494 nee
953 4433 1075 4494 fuerunt
1090 4453 1146 4494 nec
1160 4442 1321 4514 potuerunt
1335 4453 1407 4495 esse.
1420 4522 1423 4529 Ι
