3150 5018
528 293 742 346 uusrnuonuu
758 295 870 346 venui
1107 268 1110 273 ’
1280 285 1322 350 81

155 466 183 527 9.
204 463 332 542 Quintil.
346 464 381 525 X
397 466 424 537 1,
442 467 481 528 65
505 468 630 544 antiqua
652 467 800 527 comoedia
822 485 886 527 cum
906 469 1054 530 sinceram
1074 468 1162 530 illam
1180 470 1323 532 sermonis

65 568 154 628 attici
174 568 308 644 oratiam
326 586 419 644 prope
439 568 505 629 sola
527 571 634 630 retinet
655 575 715 630 tum
736 570 969 643 facundissimae
992 573 1140 634 libertatis
1159 579 1208 648 est,
1229 574 1320 634 inin·

64 671 214 731 sectandis
234 671 320 730 uitiis
335 671 512 747 praecipua,
529 672 696 747 plurimum
717 676 813 732 tamen
835 673 948 734 uirium
961 674 1057 743 ,dium
1078 675 1111 735 in
1126 677 1227 737 ceteris
1243 696 1320 753 ραν·

65 773 145 832 tibus
172 773 266 834 labet.
309 791 380 833 nam
406 777 434 833 et
453 774 581 849 orandis
602 779 630 834 et
651 775 767 850 eleuans
788 781 815 836 et
835 781 972 850 vmusta,
1001 781 1028 836 et
1047 778 1143 838 nescio
1166 798 1205 839 an
1226 780 1320 852 nulla,

59 880 130 950 post
149 875 313 936 Homerum
334 880 439 948 tamen,
470 893 552 951 quem
572 881 606 936 ut
626 874 772 937 Achillem
793 896 906 954 suuper
928 879 1027 954 enaim
1042 897 1107 954 par
1128 885 1177 954 est,
1206 886 1259 941 aut
1279 881 1318 941 si·

63 977 167 1037 milior
200 978 243 1039 sit
275 978 446 1039 oratoribus
473 983 527 1038 aut
554 979 595 1038 ad
623 983 757 1039 oratores
785 980 939 1054 faciendos
967 981 1074 1056 aptior.
1124 982 1230 1058 plures
1258 984 1320 1043 eius

63 1083 206 1153 auctores,
228 1080 443 1156 Aristoplanes
464 1084 560 1139 tanuen
582 1085 609 1140 et
631 1079 758 1156 luepolis
781 1081 978 1158 Cratinusque
993 1083 1162 1159 praecipui.
1191 1083 1318 1165 Dionys.

62 1178 101 1241 de
122 1179 193 1243 imit.
214 1201 244 1262 p.
260 1184 300 1243 22
322 1181 456 1244 Usener:
479 1188 547 1246 των
569 1185 602 1246 δέ
623 1186 805 1259 κωμωιδων
826 1185 979 1264 μιμητέον
1001 1181 1058 1261 τὰς
1080 1182 1226 1262 λεκτικὰς
1248 1184 1320 1266 ἀρε-

62 1277 121 1358 τάς
143 1276 282 1361 ἁπάσας·
304 1288 362 1348 elul
384 1279 444 1366 γάρ
466 1288 520 1348 καί
542 1297 611 1361 τοῖς
634 1279 771 1360 ὀνόμασι
793 1290 934 1366 καθαροί
956 1290 1010 1349 καί
1032 1300 1144 1364 σαφεῖς
1166 1292 1219 1350 καλ
1240 1294 1318 1368 βρα-

59 1397 128 1464 χετς
156 1389 211 1449 καί
235 1393 488 1466 μεγαλοπρεπεῖς
508 1390 562 1449 καί
584 1389 684 1450 δεινοί
705 1391 760 1449 καί
781 1383 893 1467 η’δικοί
922 1387 971 1465 (cf.
993 1386 1121 1465 Quintil.
1139 1388 1190 1449 XI
1210 1392 1237 1463 3,
1256 1391 1317 1468 74),
1398 1460 1401 1467 .

61 1482 255 1567 Μενάνδρου
277 1492 310 1552 δέ
332 1493 386 1552 καί
408 1483 445 1552 τὸ
468 1483 691 1568 πραγματικὸν
712 1489 904 1569 θεωρητέον.
950 1488 989 1550 cf.
1011 1487 1128 1549 Plinius
1150 1510 1196 1570 ep.
1212 1490 1261 1553 VI
1276 1493 1314 1552 21

61 1588 100 1649 ds
113 1588 246 1670 Vergilio
267 1589 412 1663 Romano,
441 1588 527 1651 simili
553 1599 672 1651 auctore
700 1611 772 1651 usus
802 1609 837 1651 ac
858 1589 1023 1671 Dionysius
1044 1599 1074 1651 et
1095 1591 1314 1669 Quintilianus:

61 1710 139 1752 narec
153 1693 288 1768 primum
308 1711 338 1752 se
359 1693 392 1752 in
412 1698 508 1752 uetere
530 1692 686 1766 canoedia,
709 1693 831 1752 sedum
846 1693 1160 1770 tamqunminciperet,
1183 1696 1314 1756 ostendit.

61 1812 120 1853 non
147 1793 197 1853 illi
224 1795 272 1854 uis
298 1814 356 1855 non
382 1794 542 1871 orandilas
569 1813 627 1854 non
653 1794 805 1854 subtilitas
832 1813 890 1855 non
918 1795 1088 1855 amaritudo
1118 1814 1173 1856 uon
1195 1797 1316 1858 dulcedo

59 1913 119 1955 non
142 1895 219 1970 lepos
241 1896 351 1972 defait·
379 1897 500 1956 mnaoit
521 1896 659 1969 uirtutes,
686 1897 845 1956 insectatus
868 1902 909 1956 est
929 1895 1021 1968 uitia,
1051 1896 1130 1968 fictis
1150 1899 1315 1959 nominibus

60 1997 202 2071 decmter,
223 1999 304 2058 ueris
324 2017 395 2058 usos
418 2004 460 2058 est
481 2003 556 2074 ant.

148 2153 196 2213 10.
218 2150 363 2212 Horatius
386 2159 440 2214 sat.
454 2150 472 2212 Ι
486 2153 515 2224 4,
529 2154 544 2211 1

286 2271 412 2346 Eupolis
434 2275 520 2346 atque
546 2269 688 2330 Cratinus
709 2268 977 2344 Aristophanesque
992 2274 1098 2344 poetae

286 2379 373 2449 atque
394 2373 452 2432 alii
474 2390 597 2448 quorum
618 2371 766 2432 comoedia
782 2371 889 2446 prisca
910 2370 1080 2443 virorumst,

284 2475 380 2551 siquis
402 2480 468 2535 crat
489 2474 595 2550 dianus
617 2471 754 2546 describi,
777 2472 853 2547 quod
873 2472 971 2531 malus
993 2491 1029 2532 ac
1047 2475 1108 2547 fur,

286 2576 362 2652 quod
383 2576 514 2636 moeclcus
535 2577 614 2649 foret
635 2580 688 2634 aut
707 2573 836 2633 sicarius
859 2579 911 2633 aut
933 2575 1047 2650 alioqui

283 2679 423 2751 famosus,
445 2677 539 2737 multa
562 2695 625 2737 cum
648 2676 783 2735 libertate
804 2677 953 2735 notabant.

57 2797 96 2859 cf.
120 2791 268 2881 [Dionys]
290 2794 356 2857 Art.
377 2794 453 2855 'rhet
474 2815 504 2874 p.
520 2796 570 2867 57,
586 2795 625 2854 19
641 2793 698 2856 Ue.
725 2789 744 2873 η
769 2794 801 2856 δέ
829 2816 863 2872 γε
889 2798 1054 2869 κωμωιδία
1077 2791 1127 2858 ὅτι
1149 2789 1311 2857 πολιτεάε-

57 2922 109 2964 ται
138 2899 173 2963 ἐν
200 2912 269 2975 τοῖς
298 2893 434 2980 δράμασι
462 2900 517 2960 καί
539 2902 721 2974 φιλοσοφεῖ,
743 2886 762 2975 ἡ
785 2901 853 2957 τῶν
877 2900 949 2976 περὶ
970 2905 1135 2977 Κρατῖνον
1157 2900 1210 2958 καί
1234 2893 1310 2976 Ἀρι-

56 2996 225 3082 στοφάνην
247 3005 301 3064 καί
325 2992 482 3078 Εὔπολιν,
504 3002 536 3061 τί
558 3000 606 3060 δεῖ
625 3000 679 3059 καί
700 2997 803 3074 λέγειν
809 3021 821 3074 ,·
842 2995 977 3058 Velleius
992 2998 1010 3058 Ι
1026 3001 1110 3072 16-,3
1133 3017 1193 3058 τινα
1215 3000 1310 3069 (aetas

55 3102 242 3179 inlustravit)
266 3103 402 3178 priscam
431 3100 518 3161 illam
547 3104 574 3159 et
600 3103 724 3158 ueterem
752 3100 804 3159 sul
836 3099 959 3160 Cratino
980 3100 1179 3176 Aristophane
1201 3107 1228 3161 et
1248 3101 1309 3160 une-
1366 3144 1369 3148 ι

49 3204 155 3280 polide
176 3204 360 3265 comoediam.
469 3258 471 3262 .

144 3358 191 3418 10.
225 3355 333 3416 Horat.
355 3362 408 3417 sut.
430 3352 465 3414 H
487 3359 515 3429 3,
533 3358 570 3417 11

282 3491 419 3549 quorsum
434 3475 583 3549 pertinuit
603 3475 717 3550 stipare
738 3473 868 3533 Platona
890 3473 1066 3546 Menandro,

281 3576 413 3652 Eupolin
433 3576 650 3649 Arclilocloum,
674 3575 789 3635 comites
812 3575 932 3634 educere
953 3575 1070 3635 tantos?

143 3730 192 3790 11.
213 3727 294 3790 Plut
315 3729 438 3807 Quaest.
467 3747 553 3789 conv.
569 3726 635 3788 VH
664 3748 693 3807 p.
711 3726 794 3788 711f
822 3733 889 3791 τῶν
918 3730 950 3790 δέ
978 3730 1172 3803 κωμωιδιών
1199 3724 1218 3808 ἡ
1247 3731 1306 3804 μέν

53 3828 170 3910 ἀρχαία
199 3826 251 3894 διά
277 3827 335 3912 τὴν
364 3827 553 3907 ἀνωμαλίαν
579 3823 783 3908 ἀνάρμοστος
812 3824 1001 3908 ἀνθρώποις
1023 3834 1185 3893 πίνουσιν.
1232 3825 1306 3910 ἥτε

53 3929 116 4013 γὰρ
138 3932 172 3995 ἐν
195 3946 265 4009 ταῖς
286 3934 471 4011 λεγομέναις
485 3925 704 4012 παραβάσεσιν
721 3928 830 3994 αὐτῶν
846 3925 970 4011 σπονδὴ
986 3935 1040 3994 καί
1055 3935 1215 4011 παρρησία
1230 3926 1305 3994 λίαν

52 4030 194 4116 ἀκρατός
216 4035 357 4098 ἐστικαὶ
379 4029 548 4112 σύντονος,
571 4029 591 4114 ἥ
611 4056 645 4096 τε
668 4028 749 4114 πρὸς
771 4028 810 4096 τά
833 4027 1007 4108 σκώμματα
1030 4036 1083 4095 καί
1101 4038 1306 4112 βωμολοχίας

53 4135 193 4218 εὐχέρεια
222 4139 333 4212 δεινῶς
360 4130 542 4215 κατάκορος
570 4140 623 4197 καί
646 4132 891 4220 ἀναπεπταμένη
914 4139 967 4197 καὶ
989 4136 1130 4213 γέμουσα
1152 4118 1304 4215 ῥημάτων

51 4235 207 4313 ἀκόσμων
228 4243 282 4302 καί
304 4233 496 4302 ἀκολάστων
519 4234 710 4313 ὀνομάτων·
732 4237 777 4300 έτι
792 4234 828 4300 δ’
844 4231 951 4316 ὥσπερ
967 4237 1001 4299 ἐν
1017 4249 1086 4311 τοῖς
1100 4232 1304 4315 ἡγεμονικοῖς
1330 4269 1334 4275 ’

51 4343 193 4418 δείπνοις
215 4336 352 4405 ἑκάστωι
373 4342 548 4421 παρέστηκε
569 4347 637 4403 τῶν
652 4340 891 4414 κατακειμένων
914 4334 1072 4417 οἰνοχόος,
1096 4333 1184 4401 oinos
1202 4333 1303 4420 δεήσει

49 4439 272 4522 γραμματικὸν
299 4438 435 4506 έκάστωι
463 4438 501 4505 τὸ
524 4440 605 4504 καθ’
627 4441 763 4505 ἕκαστον
785 4441 974 4529 Ιἐξηγεῖσθαι,
997 4445 1044 4516 τίς
1067 4436 1085 4502 ὃ
1107 4445 1303 4518 Λαισποδίας

102 4549 219 4602 Kaibel‚
233 4550 320 4604 Frugm
335 4547 395 4592 Com.
410 4546 487 4591 Grues.
502 4547 520 4590 Ι.
864 4607 867 4614 .
1081 4542 1097 4591 6
