3150 5018
705 277 859 328 ΤΖΕΤΖΔΕ

402 445 526 531 δάφνης
547 445 702 526 λαβόντες
724 449 785 512 εἴτε
806 454 962 530 μυρσίνης
983 443 1125 526 κλάδους

402 545 495 632 ἦιδον
516 557 693 628 καλοῦντες
716 545 843 627 σκαμβά
866 551 907 614 τὰ
928 547 1030 632 λόρας
1050 555 1140 634 μέλη.
1162 529 1171 547 ⁹

359 662 388 712 90
403 649 498 718 ἄλλοι
521 657 554 716 δέ
576 647 654 729 τοὺς
676 649 828 729 αἰδοντας
850 652 943 717 εἷπον
965 649 1024 735 τὴν
1047 648 1153 735 λόραν

402 753 474 835 ου’χί
495 751 573 819 κατ’
595 747 676 819 εὐθὺ
699 768 899 835 συστροφαῖς
920 758 954 818 δέ
976 752 1169 833 λαμβάνειν·

404 845 491 922 οὗτοι
513 853 553 923 τό
575 852 694 922 λοιπόν
716 864 829 939 κλῆσιν
852 852 922 936 έσχε
942 852 982 920 τά
1003 859 1089 939 μέλη.

445 1362 503 1428 ΙΧ.
535 1358 635 1425 ΠΕΡΙ
657 1359 866 1426 ΤΡΑΓΙΚΗΣ
888 1357 1123 1426 ΠΟΙΗΣΕΩΣ.

402 1529 647 1598 Ἄκουελοιπὸν
669 1539 723 1598 καί
744 1530 784 1598 τὰ
806 1541 863 1615 τῆς
884 1537 1087 1615 τραγωιδίας,

403 1631 518 1712 πόνοις
540 1649 703 1716 περισσοῖς
725 1641 803 1718 πρίν
826 1637 897 1712 έμοί
920 1638 1104 1718 συνηγμένα

403 1737 437 1814 ἐξ
459 1730 508 1800 ὧν
530 1735 549 1800 ὃ
571 1734 744 1818 Εὐκλείδης
766 1760 800 1800 τε
822 1741 876 1800 καί
899 1742 1010 1802 λοιποί
1033 1733 1129 1803 πόσοι

402 1839 546 1919 ἔγραψαν
569 1835 682 1920 ἄνδρες
706 1839 740 1918 έν
762 1834 872 1918 λόγοις
895 1841 1066 1920 διηρμένοι.

373 1944 576 2020 στραγωιδία
598 1946 630 2004 τί
651 1942 717 2004 ἐστι
739 1947 819 2023 πρίν
839 1936 957 2018 μαθόιν
981 1940 1092 2020 ἔγνως,

401 2047 455 2104 καί
478 2049 549 2118 πῶς
570 2043 727 2126 έφευρέβη
751 2046 793 2124 δέ,
816 2048 870 2107 καί
892 2038 1118 2122 διδασκάλους,

401 2150 514 2225 κλῆσιν
536 2139 631 2224 ὁμοῦ,
654 2141 785 2226 πράξεις
805 2168 839 2208 τε
861 2150 932 2221 πῶς
953 2139 1022 2207 λόει
1044 2150 1143 2222 βίων·

401 2242 470 2309 νόει
492 2249 657 2328 διαιρέσεις
680 2251 713 2312 δὲ
735 2255 798 2313 νῦν
820 2249 1020 2328 τραγωιδίας.
1105 2299 1107 2303 .

443 2343 525 2413 κατὰ
547 2344 653 2413 τόπον
676 2352 890 2430 πρῶτονμὲν
913 2352 956 2425 εἰς
977 2351 1057 2429 μέρη
1080 2344 1149 2426 δόο,

359 2459 388 2508 10
402 2453 445 2526 εἰς
468 2447 619 2532 σκηνικόυ
641 2457 750 2515 τεκαὶ
771 2457 875 2532 χοροῦ
897 2454 930 2515 δέ
952 2446 1011 2514 τὸν
1033 2446 1168 2531 τρόπον.

402 2546 539 2617 ἕκαστον
562 2550 672 2616 αὐτῶν
695 2547 737 2616 αὖ
759 2557 950 2633 διαιρεῖσθαι
972 2547 1051 2632 νόει,

402 2649 501 2734 ωἰδὴν
523 2650 604 2735 πρὸς
626 2650 729 2736 αὐτὴν
751 2650 835 2719 ἀλλὰ
857 2659 910 2716 καί
933 2656 1020 2732 λέξιν
1043 2655 1136 2732 λέγοι.

401 2750 577 2836 ὑποκριτὴς
599 2752 678 2819 άιδει
700 2752 760 2837 γάρ
784 2756 819 2819 έν
840 2778 905 2818 τινι
924 2751 1060 2836 χρόνοι,

398 2864 503 2940 χοροῦ
525 2864 707 2934 λαλοῦντος
729 2852 749 2922 ἃ
771 2863 882 2920 λαλεῖν
903 2859 990 2919 δέλει
1011 2852 1093 2920 τότε.

360 2968 389 3017 15
403 2955 421 3039 ἡ
443 2960 528 3036 λέξις
550 2953 592 3022 αὖ
615 2962 750 3038 δίχασμα
772 2962 910 3023 διπλοῦν
933 2953 1089 3034 λαμβάνει

403 3057 447 3137 ὡς
469 3056 551 3141 πρὸς
572 3063 692 3142 μέτρον
713 3083 748 3124 τε
771 3065 824 3123 καί
847 3056 908 3123 σὺν
930 3056 1034 3122 αὐτῶι
1056 3062 1220 3139 περίοδον.

400 3165 519 3242 μέτρον
541 3168 714 3244 τροχαίους
737 3159 798 3226 σὺν
821 3158 948 3239 ἰάμβοις
970 3185 1027 3239 μοι
1049 3157 1127 3238 νόει,

402 3261 570 3342 ἰαμβικοὺς
593 3268 701 3328 δὲκαὶ
724 3261 946 3341 άναπαίσιους
969 3267 1132 3346 περίοδον.
1213 3253 1216 3259 ’

401 3363 503 3448 τομὴν
525 3362 561 3430 τὸ
584 3369 703 3447 μέτρον
725 3372 778 3430 καί
802 3370 956 3448 διαίρεσιν
979 3368 1067 3446 φέρει

358 3478 387 3527 20
402 3469 445 3545 εἰς
467 3490 501 3531 τε
522 3460 707 3548 προλόγους
730 3465 890 3534 ἐπεισόδια
913 3473 967 3533 καί
989 3468 1112 3546 έξοδον.

402 3565 566 3652 πρόλογος
588 3573 646 3647 μέν
669 3570 734 3634 ἐστι
756 3565 793 3634 τὸ
817 3575 907 3652 μέχρι
926 3578 1034 3652 χοροῦ
1056 3577 1112 3652 τῆς
1135 3565 1272 3649 εἰσόδου,

240 3829 272 3879 88
290 3826 437 3894 μυρσίνουε
454 3823 478 3872 Δ

239 3946 282 3995 IX
298 3944 394 3995 habent
410 3943 493 3992 eidem
510 3943 610 3992 codioes
626 3943 713 4004 ΑΒΜ,
741 3943 785 3992 sed
802 3943 885 3992 multo
902 3942 1005 4006 saepius
1024 3958 1053 3993 ου
1070 3944 1177 4008 gravius
1194 3945 1242 3995 hoe
1259 3942 1288 3992 in
1299 3943 1412 3994 carmine

154 4033 204 4083 ΒΜ
222 4032 255 4082 οὶ)
271 4030 296 4080 Α
313 4029 461 4093 disorepaut
478 4043 556 4091 quam
577 4027 605 4077 in
622 4029 752 4092 prioribus
770 4027 870 4076 duobus
876 4044 883 4087 ;
901 4029 933 4077 ef.
952 4028 1022 4078 Hart
1039 4045 1066 4093 p.
1079 4032 1111 4083 70
1181 4032 1197 4083 ὅ
1217 4029 1292 4078 le:
1312 4041 1352 4077 ιιι
1362 4028 1412 4077 ΒΜ

241 4119 256 4168 7
275 4117 341 4182 βίον
358 4114 388 4177 Β,
411 4115 471 4165 fort.
489 4115 554 4178 βίον
624 4115 656 4164 10
674 4113 801 4163 scholium
818 4112 846 4161 in
864 4112 888 4161 A
905 4112 1078 4177 adseriptum:
1103 4117 1136 4166 τὸ
1153 4117 1264 4184 χορικδν
1279 4116 1362 4180 μέρος
1378 4111 1413 4177 ην
1500 4154 1504 4160 .

156 4205 294 4271 πρότερον
317 4202 346 4249 ἰκ
371 4193 479 4259 λέξεων,
507 4192 593 4263 οἰιδῆε
614 4201 660 4248 καί
683 4199 830 4266 δργήοεαισ·
858 4197 874 4260 ἡ
894 4197 1002 4264 ἰρχηοιε
1020 4193 1050 4250 δέ
1073 4203 1176 4268 χρόνιοι
1199 4197 1310 4263 ἰπαόθη

155 4290 188 4340 12
206 4288 239 4338 of.
257 4302 283 4338 v.
297 4287 329 4338 78
400 4285 431 4335 18
451 4276 585 4350 περίοδον
597 4284 633 4334 A:
653 4281 811 4350 ἅθρειΒΜ,
829 4282 963 4333 δ1.ν.169
1034 4286 1067 4336 20
1085 4286 1124 4336 εἰς
1142 4303 1172 4336 τε
1189 4286 1258 4351 πρὸς
1274 4277 1411 4352 ἰόγονσΑ,

155 4374 225 4442 πρὸς
242 4367 337 4441 λόγουε
353 4370 415 4419 BM:
434 4384 500 4419 oorr.
513 4368 636 4418 Duebner
705 4363 803 4427 ἔξοδον
814 4368 852 4417 A:
871 4361 970 4426 ἔξοδόν
982 4386 1014 4437 γε
1025 4371 1076 4420 ΒΜ
1144 4371 1177 4422 20
1187 4385 1242 4434 sqq.
1260 4369 1293 4420 οἰ.
1304 4369 1413 4420 Aristot.

153 4459 227 4508 Poet.
244 4456 311 4508 o.12
382 4456 413 4505 21
434 4447 570 4521 πρόλογόε
586 4456 645 4502 ἐστι
662 4456 740 4521 μέχρι
757 4457 841 4519 χοροῦ
857 4446 967 4502 εἰσόδου
984 4453 1042 4516 ΒΜ,
1060 4456 1094 4506 uf.
1111 4456 1178 4507 VIII
1196 4457 1228 4508 12
