3150 5018
205 261 247 320 30
627 267 675 316 DE
692 265 872 317 comosum
888 267 1028 319 GRAECA

205 435 297 501 εἶπον
320 443 488 500 συνθεῖναι
515 433 574 501 τὸν
591 431 729 519 Ὅμηρον
751 438 802 501 ἐπί
823 432 1056 519 Πεισιστράτου
1078 432 1298 520 έβδομήκοντα
1323 429 1385 499 δάο
1410 449 1468 497 σο·
1481 443 1527 493 170

205 534 299 617 φοός,
323 531 371 602 ὧν
393 534 613 619 ἑβδομήκοντα
636 535 695 603 δυό
718 538 800 603 είναι
822 545 876 604 καί
898 537 958 604 τὸν
973 535 1157 620 Ζηνόδοτον
1176 544 1231 602 καί
1247 538 1466 621 Ἀρίσταρχον.

206 643 255 706 25.
286 645 391 704 καίτοι
413 637 578 722 τεσσάρων
600 639 731 721 α’νδραλν
754 642 805 706 ἐπί
826 637 1060 724 Πεισιστράτου
1083 645 1272 707 συνθέντων
1295 637 1355 704 τὸν
1372 635 1471 721 Ὅμη-

206 766 277 824 ρον,
301 744 417 819 οἵτινές
439 745 518 806 εἰσιν
540 737 650 807 οὗτοι·
684 738 920 823 Ἐπικόγκυλος
945 741 1168 826 Ὀνομάκριτος
1191 742 1368 825 Ἀθηναῖος,
1398 735 1470 805 Ζώ·

206 866 313 926 πυρος
329 839 551 927 Ἡρακλεώτης
573 851 627 909 καὶ
651 841 783 926 Ὀρφεὺς
803 843 1047 928 Κροτωνιάτης·
1069 842 1253 927 Ζηνοδότου
1276 849 1309 910 δέ
1327 838 1470 924 χρόνοις

207 942 353 1028 ὑστέροις
375 946 427 1009 έπί
449 946 510 1012 τοῦ
535 951 738 1026 Φιλαδέλφου
760 945 862 1012 αὐτὸν
885 946 1148 1030 άνορθάσαντος,
1176 948 1282 1012 ἔπειτα
1305 950 1338 1012 δέ
1360 941 1469 1010 πάλιν
1482 954 1529 1004 175

206 1055 267 1113 τοῦ
287 1044 499 1130 Ἀριστάρχου.
527 1054 575 1116 26.
599 1056 702 1113 ταῦτα
723 1052 782 1126 μέν
803 1074 858 1127 μοι
869 1048 1069 1134 Ἦλιοδωρωι
1092 1053 1312 1128 συμπέπτωκε,
1334 1061 1407 1124 τοῖς
1432 1050 1469 1110 δέ

206 1146 264 1227 τὰς
285 1147 438 1233 τραγικὰς
459 1157 595 1228 βίβλους
617 1152 862 1234 ἐξηγησαμένοις
884 1158 1040 1232 πεισθείς,
1063 1152 1114 1230 οίς
1134 1157 1188 1215 καί
1203 1146 1297 1216 οὗτοί
1320 1167 1398 1230 φασι
1423 1146 1470 1214 τὰ

207 1250 299 1332 αὐτά,
333 1252 426 1317 εἶπον
451 1250 593 1334 Ὀρέστην
621 1258 676 1317 καί
696 1250 857 1336 Ἄλκηστιν
878 1253 1058 1335 Εὐριπίδου
1086 1258 1140 1319 καί
1167 1250 1227 1334 τὴν
1248 1253 1471 1332 Σοφοκλέους

209 1353 383 1435 Ἠλέκτραν
406 1354 488 1419 εἶναι
511 1354 668 1436 σατυρικὰ
691 1352 845 1438 δράματα,
868 1353 913 1433 ὡς
936 1353 1001 1420 α’πδ
1023 1359 1167 1432 πένθους
1190 1359 1234 1433 είς
1245 1350 1350 1438 χαρὰν
1365 1377 1472 1417 κατα-

207 1453 358 1538 λήγοντα,
380 1463 434 1521 καί
457 1454 544 1522 οὕτω
566 1459 695 1538 μέτροις
717 1480 750 1521 τε
771 1463 826 1521 καί
841 1464 970 1534 λοιποῖς
983 1482 1048 1534 μου
1065 1454 1307 1540 συγγράμμασιν
1322 1451 1470 1538 γράφων
1482 1464 1528 1515 1⁸⁰

208 1561 386 1639 ἐδίδασκον,
409 1559 470 1636 έως
492 1554 655 1638 άναγνοὺς
668 1558 848 1642 Εὐριπίδου
865 1556 972 1625 πολλὰ
994 1557 1138 1643 δράματα
1161 1555 1261 1642 εὖρον
1282 1565 1335 1623 καί
1357 1561 1472 1638 ἔγνων

208 1658 248 1726 τὰ
272 1657 428 1743 σατυρικὰ
451 1657 596 1742 δράματα
617 1663 744 1742 τέρψεις
765 1659 942 1740 θυμελικὰς
964 1660 1084 1742 άμιγεῖς
1099 1667 1153 1726 καί
1168 1665 1292 1741 γέλωτα
1308 1664 1469 1742 φέροντα.

208 1768 256 1828 27.
282 1763 326 1826 ἐῶ
346 1759 425 1839 τούς
447 1759 593 1838 πολλοὺς
615 1767 668 1826 καί
691 1759 768 1841 τοὺς
787 1763 1002 1847 λεξιγράφους
1017 1761 1167 1847 Ὀμήρου,
1191 1761 1211 1828 ὰ
1233 1761 1397 1845 ἠγνόησαν
1420 1763 1472 1841 εἴς

208 1889 242 1929 τε
264 1867 364 1944 λέξεις
386 1861 476 1940 τινὰς
498 1868 552 1926 καί
575 1867 718 1946 ἱστορίας
739 1872 793 1930 καί
808 1867 899 1950 έτερα
914 1873 968 1931 καί
982 1874 1043 1932 τοῦ
1058 1873 1196 1949 ποιητοῦ
1210 1863 1470 1946 κατεψεύσαντο,

209 1963 318 2047 ὥσπερ
349 1972 404 2030 καί
437 1969 468 2032 οί
497 1972 702 2048 προκείμενοι
731 1964 845 2050 ἄνδρες
872 1982 942 2046 τοῖς
970 1975 1043 2052 περὶ
1070 1976 1138 2033 τῶν
1151 2020 1154 2025 .
1167 1975 1329 2050 σκηνικῶν
1357 1972 1469 2032 τῶνδε
1483 1974 1529 2025 185

210 2067 383 2152 δραμάτων
406 2064 603 2149 διδάγμασιν,
626 2061 672 2147 ὧς
694 2067 756 2134 ἀπ’
778 2069 889 2134 αὐτῶν
910 2079 978 2136 τῶν
999 2079 1124 2150 βίβλων
1147 2071 1336 2150 ἐλέγχονται.
1379 2067 1471 2134 α’λλὰ

209 2175 363 2254 παρέντες
392 2168 432 2235 τὰ
459 2166 591 2253 περιττὰ
620 2180 732 2250 σαφῶς
761 2169 931 2250 συντόμως
958 2178 1012 2236 καί
1042 2171 1173 2255 άληθῶς
1199 2177 1252 2236 καὶ
1275 2165 1320 2249 όνς
1341 2168 1361 2235 δ
1384 2179 1472 2248 νοῦς

209 2276 269 2356 έχει
291 2282 347 2356 τῆς
368 2279 487 2352 βίβλου
509 2280 611 2337 ταῦτα
627 2274 809 2356 έκθείημεν·
831 2280 893 2350 πᾶς
909 2277 942 2337 δέ
957 2272 1109 2357 άληθείας
1124 2275 1208 2356 ἐρῶν
1223 2269 1472 2356 κριτικωτάτως

208 2379 406 2457 βασανιζέτω
428 2371 466 2439 τὸ
489 2371 685 2457 σύγγραμμα.

296 2718 346 2768 170
370 2714 451 2765 εἷπον
467 2715 485 2766 i.
498 2730 519 2765 e.
537 2715 565 2764 in
583 2715 765 2765 commentario
781 2715 826 2764 Pb
843 2713 859 2780 ξ
877 2717 910 2765 22
1015 2717 1064 2766 176
1084 2707 1253 2781 Ἡλιοδάρωι
1270 2715 1288 2764 i.
1300 2729 1322 2764 e.
1341 2715 1397 2763 ύπδ
1417 2720 1471 2764 τοῦ

209 2793 382 2867 Ἡλιοδώρου,
406 2800 439 2850 τί.
456 2800 489 2850 ad
507 2801 561 2851 οἳ
637 2802 686 2852 177
710 2800 773 2850 haee
789 2799 871 2863 igitur
888 2800 976 2850 eodem
994 2815 1027 2849 ex
1044 2801 1112 2850 libro
1129 2799 1198 2849 unde
1216 2799 1326 2849 Cratetis
1343 2799 1468 2862 Dionysii

208 2884 334 2935 Euclidae
355 2884 504 2934 memoriam
527 2885 620 2935 Τισίου
641 2885 763 2948 petieram
790 2889 903 2934 ceterum
930 2887 1122 2948 conparandum
1148 2885 1275 2935 scholium
1298 2883 1331 2933 nd
1354 2883 1468 2934 Tzetzae

210 2971 290 3022 lamb.
308 2971 341 3020 de
358 2970 437 3021 discr.
454 2975 521 3033 poet.
540 2986 565 3021 v.
584 2972 618 3021 93
636 2970 715 3032 (infra
730 2985 757 3032 p.
769 2972 827 3032 3?):
857 2975 940 3019 τοῦτο
964 2970 1045 3021 εἷπον
1068 2971 1244 3034 ηπατημίνος
1271 2977 1329 3019 τοῖς
1353 2965 1467 3035 ίξηγου-

209 3059 304 3120 μένοις
320 3049 477 3121 Εὐριπίδην
497 3057 543 3104 καί
561 3049 703 3123 Σοφοκλέα
723 3055 865 3122 γράψασιν
883 3054 911 3116 (l.
927 3055 1045 3121 γράψας)
1069 3057 1156 3105 ούτω·
1184 3046 1227 3104 ‘vd
1246 3048 1338 3121 δρᾶμα
1363 3053 1395 3102 τδ
1419 3057 1470 3118 τῆς

208 3134 381 3205 Ἀλκήστιδος
398 3133 552 3206 Εὐριπίδου
574 3142 619 3189 καί
642 3141 658 3189 δ
678 3132 802 3206 Ὀρέστης
823 3142 869 3188 καί
891 3139 907 3203 ἡ
927 3134 1096 3206 Σοφοκλέους
1111 3134 1240 3206 Ἠλέκτρα
1262 3142 1309 3189 καί
1331 3138 1383 3186 δσα
1409 3154 1468 3187 τοι-

211 3231 295 3287 αῦτα,
324 3224 457 3291 σατυρικά
484 3224 537 3273 είσι
560 3227 607 3274 καί
636 3225 668 3274 οὐ
695 3223 818 3291 τραγικά.
859 3224 917 3273 άπδ
944 3231 1095 3293 συμφορῶν
1120 3226 1173 3292 γάρ
1199 3227 1245 3274 καί
1273 3218 1400 3290 δακρύων
1428 3225 1470 3273 είς

211 3311 299 3377 χαράν
316 3304 511 3359 mmmm?
547 3311 620 3359 ούτω
642 3311 695 3374 μέν
717 3308 767 3358 οὐν
785 3307 893 3376 ἔγραψα
915 3311 977 3374 περὶ
1001 3313 1059 3358 τῶν
1077 3312 1205 3376 σατύρων
1229 3311 1338 3359 τούτοις
1359 3309 1468 3373 ἠπατη-

210 3398 307 3458 μένος·
331 3395 456 3458 ἐντυχὼν
474 3387 504 3442 δέ
522 3402 678 3460 σατυρικοῖς
695 3386 833 3460 δράμασιν
845 3387 999 3460 Εὐριπίδου
1018 3394 1100 3443 αὐτὸς
1115 3395 1202 3458 μόνος
1218 3396 1344 3461 ἐπέγνων
1361 3395 1391 3442 έιι
1404 3396 1468 3443 τού-

212 3497 271 3530 των
294 3482 440 3547 σατυρικῆς
463 3480 599 3544 ποιήσεως
620 3481 667 3528 καί
689 3472 849 3543 κωμωιδίας
871 3472 1022 3547 διαφοράν·
1053 3479 1069 3542 ἡ
1092 3480 1146 3543 μέν
1168 3477 1219 3528 ούν
1240 3471 1387 3543 κωμωιδία
1409 3471 1468 3546 δρα·

210 3566 284 3627 μίως
301 3569 389 3615 τινῶν
406 3561 608 3629 καδαπτομίνη
628 3556 770 3628 διαβαλατς
786 3565 833 3612 έπί
851 3556 999 3630 λοιδορίαις
1020 3571 1092 3613 κινετ
1106 3557 1226 3631 γέλωτα·
1250 3564 1267 3627 η
1286 3557 1316 3613 δέ
1334 3565 1467 3631 σατυρικὴ

212 3653 321 3713 ποίησις
343 3649 465 3716 ἄκρατον
486 3651 532 3697 καί
550 3648 636 3715 άμιγῆ
656 3641 793 3715 λοιδορίας
815 3648 869 3712 ἔχει
892 3649 942 3698 τδν
958 3642 1064 3716 γέλωτα
1085 3649 1160 3698 πάνυ
1177 3642 1317 3712 ἡδύτατον
1334 3648 1396 3698 οἷον
1415 3649 1469 3698 τὸν

212 3738 243 3784 έν
261 3728 394 3799 θυμίλαις
463 3735 511 3785 178
530 3732 623 3782 εἶπονε
645 3747 696 3780 non
714 3732 782 3781 dixit
798 3732 847 3782 hoc
864 3733 892 3782 in
910 3733 947 3784 eis
964 3748 1030 3796 quae
1047 3738 1188 3797 supersunt
1258 3734 1383 3791 1835fort.
1404 3735 1470 3782 τούς

107 3877 110 3884 ,
213 3836 244 3869 τε
261 3813 356 3869 ἄλλους
371 3821 418 3867 καί
505 3820 555 3869 184
572 3818 632 3866 fort.
651 3818 744 3885 έτερα,
763 3817 779 3866 δ
797 3821 842 3866 καί
930 3821 979 3871 187
997 3819 1057 3870 fort.
1076 3824 1172 3886 σαφῶς
1187 3821 1233 3868 καί
1252 3820 1396 3872 συντόμως
1412 3817 1468 3878 (vel

213 3905 357 3968 συντόμως
375 3905 414 3966 τι)
