3150 5018
584 261 828 318 EPICHARMVS
1297 258 1337 317 89

81 437 131 492 καί
147 437 198 506 τῆς
212 431 325 490 ἐκείνου
340 431 522 497 διδασκαλίας
539 425 575 488 τόι
588 432 708 488 πλείονα
726 425 802 502 πρὸς
819 425 870 502 τὴν
882 428 1013 503 ἰατρικὴν
1029 429 1211 502 μετενέγκας,
1229 428 1340 502 ἐξηγοί-

82 539 171 590 μενος
188 514 255 585 τοίις
267 520 321 575 τοῦ
333 509 446 587 πατρὸς
462 510 566 587 λόγους
584 510 660 586 πρὸς
671 511 724 571 τόν
736 507 863 585 άδελφόν
881 534 948 587 φησι
960 511 1015 572 τὸν
1025 508 1202 589 Ἐπίχαρμον
1218 519 1266 572 καί
1279 511 1338 585 πρὸ

82 602 188 662 τοότου
205 598 259 662 τόν
276 597 454 673 Πυθαγόραν
477 603 535 655 τῶν
553 599 707 656 διαλέκτων
730 594 851 673 άρίστην
869 596 1027 672 λαμβάνειν
1048 600 1101 672 τὴν
1119 603 1240 672 Δωρίδα.
1272 599 1337 654 σου]

81 690 150 745 haec
172 695 230 744 tum
252 688 307 742 aliu
329 701 399 755 quae
421 684 456 739 de
474 684 642 754 singidunum
665 684 841 738 dialectcmm
863 684 1119 756 harmoniarumque
1137 685 1339 740 discriminibus

82 783 111 830 ct
131 773 306 844 praestandis
322 769 496 825 Metrodorus
515 768 723 835 (Aristoxenum
746 775 855 823 secutus
877 769 911 824 cf.
930 770 1029 826 Rohde
1048 772 1117 826 Mus.
1134 771 1223 826 Rhen.
1241 775 1283 836 27,
1295 772 1339 835 48)

83 859 243 915 disseruisse
260 857 354 922 fertum,
378 854 461 910 aetati
478 854 621 908 recentiori
639 852 769 908 videntur
790 854 898 922 aptiora
915 871 982 910 csse.
1018 863 1136 911 ceterum
1156 855 1243 911 verba
1264 855 1339 909 houd

82 945 202 1013 integra:
220 948 293 997 certe
310 958 368 996 non
384 939 469 994 irater
485 939 535 993 sed
552 944 601 992 aut
616 936 692 992 filius
709 945 758 993 aut
774 954 861 1007 nepos
873 940 1028 1008 Epicharmi
1047 941 1100 996 dici
1118 941 1228 995 videtur
1239 940 1338 994 Metro-

83 1030 168 1084 dorus
184 1027 315 1092 medicus,
333 1025 380 1095 qui
391 1030 491 1095 poetae
511 1022 673 1078 subditicios
690 1022 776 1077 libros
793 1024 960 1092 compilavit
990 1032 1061 1080 recte
1079 1025 1195 1082 fortasse
1206 1025 1337 1081 Wilcmo-

82 1113 192 1169 witzius
210 1107 226 1169 ό
247 1107 360 1184 θάρσου
377 1114 429 1167 τοῦ
448 1103 578 1180 [πατρὸς]
597 1101 774 1180 Ἐπιχάρμου
790 1105 824 1164 ἐκ
841 1113 891 1180 τῆς
907 1114 967 1166 κτλ

84 1242 87 1247 ’
168 1237 183 1286 'l
210 1232 291 1286 Plato
308 1229 420 1284 Theaet.
437 1244 464 1297 p.
479 1231 526 1281 152
545 1226 580 1281 de
597 1220 657 1283 ἔστι
674 1226 727 1296 μὲν
745 1220 801 1298 γάρ
821 1221 957 1285 οὐδέποτ’
977 1225 1066 1298 οὐδέν,
1088 1225 1133 1289 οἷεί
1153 1231 1183 1288 δὲ
1200 1233 1335 1303 γίγνεται.

82 1321 132 1375 καί
149 1320 217 1388 περὶ
233 1312 339 1373 τούτου
356 1305 463 1379 πάντες
487 1308 550 1384 ἑξῆς
572 1309 600 1369 οἳ
619 1314 706 1381 σοφοὶ
723 1311 796 1383 πλὴν
815 1316 995 1390 Παρμενίδου
1013 1316 1230 1389 συμφερίσδων,
1255 1319 1336 1387 Πρω·

83 1394 213 1475 ταγόρας
233 1420 265 1457 τε
287 1402 337 1456 καὶ
350 1393 532 1472 Ἡράκλειτος
549 1398 598 1452 καί
614 1388 805 1469 Ἐμπεδοκλῆς
826 1402 875 1454 καί
897 1402 956 1456 τῶν
976 1405 1107 1472 ποιητῶν
1130 1400 1158 1458 ol
1180 1397 1266 1472 άκροι
1287 1402 1337 1469 τῆς

83 1479 227 1560 ποιήσεως
244 1482 391 1554 ἑκατέρας,
407 1482 571 1551 κωμωιδίας
587 1480 641 1550 μὲν
657 1475 841 1555 Ἐπίχαρμος,
859 1487 1030 1556 τραγωιδίας
1048 1476 1217 1559 δὲὍμηρος.

170 1608 185 1659 8
211 1604 305 1658 Murm.
317 1604 379 1659 Par.
397 1620 425 1657 v.
437 1604 469 1655 'll
488 1592 541 1670 ἄρ’
562 1589 596 1657 οὗ
610 1594 706 1671 Ἱέρων
718 1605 916 1687 Συρακουσῶν
932 1601 1144 1675 ἐτυράννευσεν,
1162 1600 1211 1678 ἔτη
1230 1609 1336 1670 ΗΗΡΙΙΙ,

83 1688 229 1764 άρχσντος
251 1683 380 1760 Ἀθήνησι
403 1682 539 1757 Χάρητος
556 1690 590 1751 (a.
608 1687 669 1755 472!
686 1689 704 1752 ).
742 1687 777 1759 ἠν
799 1687 829 1745 δὲ
852 1691 900 1745 καί
919 1687 1095 1762 Ἐπίχαρμος
1122 1687 1197 1748 κατά
1221 1694 1336 1748 τοῦτον.

85 1777 212 1832 Clemens
228 1774 276 1829 Al.
294 1773 393 1828 Strom.
411 1771 425 1825 Ι
442 1786 468 1838 p.
482 1770 563 1824 3531>
587 1767 755 1843 Ξενοφάνης
780 1766 796 1828 ὃ
821 1772 1011 1843 Κολοφώνιος
1028 1814 1055 1829 ..
1075 1765 1110 1832 όν
1130 1796 1197 1848 φησι
1218 1778 1338 1845 Τίμαιος

82 1859 157 1918 κατά
172 1853 287 1930 Ἱέρωνα
309 1855 363 1914 τὸν
381 1855 515 1920 Σικελίας
538 1851 676 1927 δυνάστην
699 1860 749 1913 καί
765 1849 941 1932 ’Ἐπίχαρμον
963 1853 1017 1916 τὸν
1034 1854 1156 1931 ποιητὴν
1177 1860 1336 1932 γεγονέναι.

83 1944 118 2002 cf.
136 1944 168 1999 fr.
181 1947 223 1998 99.
257 1942 323 1998 vide
340 1941 422 1996 Thsr.
442 1943 455 1993 1
471 1946 503 1994 'ct
520 1944 544 1994 9.

164 2067 179 2118 9
199 2063 371 2134 ¹Anonymus
383 2060 418 2114 de
430 2074 499 2114 com.
511 2063 527 2112 4
541 2063 633 2128 (supra
643 2075 670 2127 p.
680 2064 705 2123 ⁷)
720 2052 895 2134 Ἐπίχαρμος
907 2059 1105 2135 Συρακόσιος·
1124 2054 1210 2130 οὗτος
1221 2067 1337 2135 πρῶτος

86 2149 140 2221 τὴν
155 2149 321 2219 κωμωιδίαν
338 2144 535 2216 διερριμμὲνην
552 2136 731 2214 άνεκτήσατο
750 2141 842 2203 πολλὰ
861 2145 1154 2221 προσωιλοτεχνῆσας.
1176 2144 1296 2220 χρόνοις
1307 2148 1337 2206 δὲ

83 2233 186 2308 γε’γονε
209 2226 283 2290 κατά
307 2226 360 2302 τὴν
378 2226 421 2301 ογ’
441 2222 609 2297 ὀλυμπιάδα.
644 2231 689 2298 τῆι
707 2229 736 2287 δὲ
760 2225 873 2302 ποιήσει
896 2228 1040 2303 γνωμικὸς
1055 2237 1105 2290 καί
1126 2227 1272 2306 εὓρετικὸς
1288 2236 1337 2289 καὶ

83 2315 263 2392 φιλότεχνος.
302 2310 435 2384 σιόιζεται
462 2313 491 2370 δὲ
520 2305 609 2369 αότοῦ
634 2309 766 2383 δράματα
788 2310 831 2384 μ’,
863 2305 905 2371 ῶν
929 2310 1125 2389 άντιλέγονται
1152 2315 1188 2374 δ’.
1229 2318 1337 2373 fabulas

84 2403 238 2474 (genuinas)
254 2417 338 2457 xxxv
359 2399 441 2454 novit
456 2399 552 2470 Lycon
574 2398 620 2452 vel
637 2398 803 2469 Lycophron
819 2405 857 2466 (v.
874 2401 956 2456 ihesu.
971 2404 1008 2468 1),
1030 2403 1202 2473 totidemque
1225 2420 1291 2470 nos,
1313 2404 1337 2458 si

83 2488 232 2544 Atalantes
248 2487 320 2542 inter
336 2484 443 2555 spurias
458 2483 591 2538 reieceris

172 2610 203 2660 10
229 2605 329 2661 Alexis
345 2604 419 2674 apud
430 2602 540 2658 Athen.
558 2603 598 2658 IV
617 2607 686 2658 1640
706 2604 804 2659 Linum
822 2605 889 2660 fucit
905 2605 941 2660 ad
958 2607 1101 2662 Herculem
1119 2608 1185 2663 talia
1202 2609 1336 2663 dicentem

848 2691 963 2761 βιβλίον

316 2770 459 2830 Ιἐντεῦθεν
478 2762 523 2829 ότι
540 2764 640 2846 βοάληι
659 2771 834 2842 προσελθῶν
851 2769 908 2845 γάρ
925 2775 1005 2848 λαβέ,

323 2853 413 2916 ἔπειτ’
433 2849 608 2929 άναγνοίσηι,
631 2854 707 2914 πάνυ
724 2877 757 2929 γε
775 2862 941 2916 διασκοπῶν

323 2937 381 3000 άπὸ
401 2946 460 2998 τῶν
476 2937 702 3013 ἐπιγραμμάτων
718 2933 829 3015 άτρέμα
850 2961 883 2999 τε
899 2947 949 3001 καί
967 2949 1079 3016 σχολῆι·

297 3020 435 3098 οὈρφεὺς
451 3023 569 3095 ἔνεστιν,
584 3022 729 3093 Ἡσίοδος,
746 3028 929 3098 τραγωιδίαι,

323 3113 476 3182 Χοιρίλος,
491 3101 624 3184 (Όμηρος,
645 3105 832 3183 Ἐπίχαρμος,
855 3106 1062 3184 συγγράμματα

322 3193 503 3253 παντοδαπά.

171 3297 183 3338 ο
206 3275 300 3353 (ἔστ’)
319 3273 510 3352 Ἐπίχαρμος,
532 3276 688 3353 γράμματα
706 3301 736 3338 π.
755 3281 928 3337 GHermann.

132 3439 141 3460 .
171 3403 201 3454 11
228 3398 366 3454 Theocriti
384 3399 469 3483 epigr.
484 3402 514 3452 17
533 3398 630 3465 (Anth.
647 3400 679 3453 P.
696 3400 737 3454 IX
755 3405 814 3466 600)

322 3491 343 3559 ά
359 3521 391 3558 τε
409 3495 492 3573 φωυόι
512 3498 624 3573 Δώριος
638 3495 737 3576 χῶνίγρ
756 3498 772 3559 δ
791 3499 846 3561 τάν
862 3504 1027 3573 κωμωιδίαν

423 3580 516 3657 εὑρὼν
530 3582 716 3660 Ἐπίχαρμος·

374 3661 399 3727 (ό
415 3667 519 3756 Βάκχε,
535 3667 662 3742 χάλκεόν
679 3691 723 3727 νιν
741 3664 808 3728 άντ’
828 3664 969 3729 άλαδινοῦ

423 3758 467 3813 τίν
484 3749 537 3811 τίδ’
555 3748 699 3826 άνέδηκαν

298 3842 369 3897 stol
388 3836 592 3912 Συρακόσσαις
608 3836 767 3912 ἐνίδρυνται
785 3841 962 3912 πελωρίσται
979 3838 1075 3904 πόλει,

427 3918 469 3982 οῖ’
487 3919 568 3996 οἷνδρὶ
585 3926 701 3982 πολίται

374 4013 476 4082 σοφῶν
493 4005 569 4068 ἔοικε
587 4005 723 4082 ῥημάτων
741 4010 939 4080 μεμναμένους

425 4100 517 4153 τελεῖν
533 4093 673 4169 ἐπίχειρα.

322 4180 415 4240 πολλά
433 4180 490 4253 γάρ
503 4176 561 4238 πὸτ
579 4175 633 4238 τίιν
644 4176 718 4249 ζόαν
736 4187 797 4246 τοῖς
814 4182 902 4236 πᾶσιν
918 4173 981 4236 εἶπε
997 4174 1136 4250 χρήσιμα·

290 4277 315 4319 10
425 4263 536 4338 μεγάλα
552 4262 638 4338 χάρις
655 4258 750 4322 αότῶι.

169 4365 180 4404 5
199 4349 217 4404 i.
230 4365 253 4404 e.
272 4349 410 4405 ωαπίικοο
426 4350 490 4405 urbi
559 4365 570 4404 τ
590 4344 689 4421 σωρὸν
706 4344 763 4421 γὰρ
784 4343 842 4419 εἶχε
861 4346 887 4419 ρ.
905 4347 984 4402 codd.
995 4346 1110 4402 Theocr.
1127 4341 1184 4420 γὰρ
1202 4362 1256 4402 om.
1275 4345 1334 4400 cod.

82 4434 141 4489 Pal.
158 4435 251 4491 Anth:
270 4435 376 4491 correxi
443 4434 635 4504 μεμναμένοις
652 4434 713 4489 cod.
730 4434 788 4488 Pal.
806 4433 893 4486 Anth.
