3150 5018
799 260 883 316 lsslss

797 436 882 496 *170

298 567 401 624 Zenob.
418 568 495 638 vulg.
506 568 534 623 11
551 571 584 623 94
602 570 692 641 γραῦς
709 560 809 639 έριφος
826 565 955 640 (σέριφος
972 565 1059 633 Snid).
1088 560 1306 640 Ἀπολλόδωρός
1324 586 1412 639 φησιν
1430 557 1475 625 ὅτι

214 649 275 712 ἔστι
293 673 334 720 τις
346 649 540 727 παροιμιώδης
557 651 695 725 λεγομένη
711 648 810 725 έριφία
823 654 912 725 γραῦς
924 650 973 716 (sic
984 650 1022 705 P:
1041 651 1160 721 σέριφσς
1170 651 1214 718 Β),
1230 645 1248 723 ἦ
1265 649 1299 710 έν
1316 655 1476 723 παρδενίαι

214 748 387 814 γεγηρακοῑα
410 738 496 807 (qnod
517 739 611 794 nescio
633 737 715 807 plane
739 752 795 806 qno
818 735 980 805 pertineat).
1009 732 1038 792 οἳ
1061 727 1299 804 didacidem)
1322 740 1374 808 τῆς
1396 731 1476 812 άκρί-

214 828 278 890 δος·
304 817 356 895 τὴν
372 821 431 895 γάρ
454 819 617 896 άρσοραίαν
634 816 739 894 άκρίδα
762 814 820 878 ὑπό
838 839 926 878 τινων
942 815 1047 890 μάντιν
1063 819 1221 894 λεγομένην
1242 818 1319 881 κατὰ
1340 825 1476 881 Σικελίαν

213 911 305 981 γραῦν
326 904 429 981 ἔριφον
450 912 603 966 καλεῖσθαι
624 901 642 979 ἢ
663 909 755 980 γραῦν
777 903 881 979 έρίφην
903 902 1023 976 ίέρίφων
1039 905 1081 970 Β).
1116 905 1230 978 λέγουσι
1252 907 1283 966 δέ
1305 897 1354 965 δ’τι
1375 905 1407 966 εἴ
1423 929 1477 966 τινι

213 990 367 1065 ἐμβλέψειε
379 990 474 1061 ζάιωι,
486 991 580 1050 κακὸν
590 989 705 1050 έκείνωι
716 997 834 1063 γίνεται.
859 989 957 1045 mutila
969 989 1065 1045 eadem
1078 990 1242 1063 Hesychius,
1253 992 1369 1048 brevius
1378 992 1476 1049 Suidas

214 1095 236 1133 s.
248 1096 276 1132 v.
311 1077 348 1133 ad
363 1076 502 1133 Theocriti
523 1093 633 1133 versum
651 1077 678 1132 X
697 1080 729 1131 18
752 1071 855 1145 μάντις
876 1093 923 1132 τοι
949 1069 1004 1132 τάν
1030 1068 1119 1132 νῦκτα
1143 1080 1300 1150 χροιξεῑται
1327 1080 1475 1148 καλαμαία

215 1162 339 1219 scholion
357 1161 574 1219 Ambrosianum
591 1160 645 1217 hoo
661 1167 799 1231 superest:
818 1155 924 1230 ταύτην
942 1156 971 1216 οἳ
987 1157 1041 1229 μέν
1057 1163 1150 1234 γραῦν
1167 1155 1279 1234 ἔριθον,
1296 1160 1326 1219 οἳ
1343 1162 1375 1222 δέ
1392 1156 1476 1233 losa

216 1249 301 1319 ραίαν
320 1241 519 1317 ὀνομάζουσιν.
545 1245 606 1303 έστὶ
623 1245 654 1304 δέ
670 1238 753 1316 άκρίς
769 1249 819 1303 καί
828 1248 960 1302 καλεῖται
976 1239 1133 1314 μάντις
1150 1239 1356 1321 Ἀριστοφάνης
1368 1249 1476 1315 (rectius

213 1333 243 1387 in
260 1333 321 1388 aliis
342 1325 527 1406 Ἀρίσταρχος
549 1328 581 1388 έν
602 1326 783 1403 ὑπομνήματι
803 1325 973 1403 Λυκοῦργον
991 1325 1143 1401 Αίσχέλσο)
1164 1325 1218 1403 τὴν
1233 1324 1341 1405 άκρίδα
1363 1328 1476 1403 ταύτην,

215 1414 246 1475 εἴ
257 1437 312 1475 τινι
329 1415 469 1490 έμβλέποι
486 1407 576 1485 ζάωι,
598 1411 703 1473 τοῦτωι
725 1410 820 1472 κακὸν
840 1416 982 1488 γίνεσθαι.
1018 1414 1093 1484 apud
1110 1414 1218 1471 Siculos
1234 1416 1348 1471 videtur
1369 1420 1477 1488 γραῦς

213 1496 342 1574 ἔριδος
359 1502 433 1557 dicta
449 1501 548 1567 fuisse,
566 1501 601 1556 de
619 1517 674 1570 qna
690 1500 809 1556 conicias
820 1499 1026 1569 Apollodorum
1044 1500 1073 1555 in
1086 1499 1255 1570 Sophroneis
1273 1501 1476 1556 commentariis

214 1587 314 1652 (minus
331 1587 492 1642 crediderim
509 1587 539 1640 in
556 1585 752 1655 Epicharmeis)
770 1586 939 1654 exposuisse.

798 1777 883 1838 *171

298 1908 435 1964 Tbeoeriti
453 1923 560 1963 carmen
572 1907 686 1978 Lycisca
697 1907 790 1976 aliquo
802 1907 888 1962 modo
900 1906 937 1962 ad
948 1905 1101 1976 Sophronis
1119 1904 1301 1960 imitationem
1320 1906 1476 1962 institutum

214 2009 274 2049 esse
291 2009 348 2048 non
366 1992 431 2047 inde
448 1991 537 2048 solum
554 1999 669 2062 apparet
687 1992 763 2062 quod
779 1992 809 2047 in
827 1991 905 2047 an‘s
922 2007 984 2047 cum
1001 1989 1231 2046 Pharmaeentriis
1247 1996 1277 2045 et
1288 1991 1477 2047 Adoniazusis

214 2084 272 2133 arte
289 2077 464 2132 coniunctum
481 2076 622 2145 reperitur,
639 2077 689 2132 sed
707 2093 722 2132 e
740 2093 830 2133 rerum
849 2092 960 2146 quoque
977 2075 1176 2144 hominumque
1193 2075 1231 2130 ad
1241 2075 1318 2131 vitae
1332 2077 1476 2133 veritatem

215 2162 397 2230 descriptione
413 2161 495 2230 plane
511 2160 593 2215 simili
605 2162 752 2232 colligitur,
770 2179 799 2216 v.
811 2161 895 2217 etiam
907 2161 943 2217 ad
954 2160 987 2215 ir.
1001 2164 1058 2215 145.
1089 2159 1278 2214 Ptolemaeum
1290 2157 1345 2218 τὸν
1358 2159 1477 2234 άριστον

214 2243 394 2317 μισθοδόταν
409 2245 506 2301 eodem
520 2245 635 2302 consilio
650 2247 759 2303 addidit
767 2246 930 2302 Theocritus
944 2262 1000 2315 quo
1014 2244 1043 2298 in
1056 2244 1244 2300 Adoniazusis
1256 2245 1400 2303 Arsinoae
1412 2264 1477 2317 erga

216 2331 376 2386 Adonidem
403 2331 534 2400 pietatem
561 2331 689 2401 regisque
713 2332 800 2401 ipsius
823 2330 1059 2401 magnificentiam
1081 2329 1214 2385 laudavit.
1248 2347 1315 2386 vere
1337 2340 1477 2401 praeterea

215 2416 269 2471 hoc
286 2415 353 2470 mihi
370 2416 598 2473 Wilamowitains
615 2415 764 2472 coniecisse
781 2416 906 2483 videtur,
928 2415 1068 2486 pastoricii
1090 2414 1217 2470 carminis
1240 2416 1377 2486 originem
1396 2434 1411 2473 e
1429 2417 1476 2473 So·

214 2502 328 2571 phronis
345 2501 435 2557 mimis
452 2502 578 2572 primitus
595 2503 771 2572 repetendam
789 2517 862 2557 esso:
884 2509 1026 2570 pastorum
1043 2500 1130 2554 vitam
1151 2515 1297 2570 moresque
1315 2503 1384 2558 satis
1402 2519 1476 2558 aocu·

215 2594 273 2642 rate
290 2586 451 2642 Theocritus
468 2587 498 2641 in
515 2586 675 2642 Victoribus
692 2587 921 2656 repraesentavit,
943 2587 973 2640 in
990 2586 1103 2655 reliquis
1121 2585 1211 2641 ahena
1227 2585 1314 2640 multa
1331 2585 1478 2642 admiscuit

214 2678 373 2741 novataque
390 2679 448 2728 arte
464 2688 570 2727 novum
588 2672 736 2727 carminum
754 2688 842 2742 genus
861 2670 993 2727 condidit

302 2993 439 3063 Sophroni
462 3011 533 3064 qnae
555 2996 617 3050 sive
639 2994 709 3050 falsa
726 2996 787 3050 sive
809 2995 912 3050 ineerta
933 2993 1016 3048 nimis
1039 2993 1197 3049 coniectura
1217 2992 1374 3049 uibuerunt
1390 3009 1476 3063 pauca

216 3078 283 3134 haec
300 3079 467 3135 memorabo.
502 3079 531 3133 in
554 3079 678 3134 Platonis
702 3079 807 3150 Gorgia
828 3095 855 3148 p.
867 3083 941 3133 493a
963 3078 1011 3147 qui
1035 3078 1135 3134 dicitur
1156 3072 1275 3149 κομψὸς
1296 3072 1386 3149 άνήρ,
1409 3075 1475 3144 ἴσως

218 3160 339 3228 Σικελός
355 3183 398 3229 τις
414 3159 433 3235 ἢ
449 3157 585 3229 Ἰταλικάς
602 3162 646 3229 (ci.
658 3164 774 3219 Timocr.
786 3163 820 3218 ir.
833 3168 848 3217 6
860 3164 903 3229 Β),
920 3164 945 3218 is
962 3179 1019 3219 non
1031 3169 1125 3232 potest
1142 3163 1268 3232 Sophron
1283 3179 1347 3218 esse
1362 3163 1475 3236 Syracu-

217 3264 308 3315 sanus,
326 3264 407 3317 quem
419 3249 541 3320 intellegi
554 3248 668 3304 volebat
679 3247 840 3304 Schusterus
852 3249 920 3303 Mus.
931 3247 1020 3303 Rhen.
1032 3248 1129 3302 XXIX
1141 3252 1200 3315 605,
1217 3247 1252 3303 of.
1264 3248 1356 3303 Himel
1370 3249 1474 3304 Comm.

217 3334 342 3388 Momms.
359 3350 387 3403 p.
400 3338 440 3389 13.
526 3351 617 3404 neque
634 3338 706 3388 recte
725 3331 863 3401 Sophroni
880 3333 977 3389 tribuit
993 3333 1130 3403 Bergkius
1147 3333 1206 3387 PL⁴
1223 3333 1265 3388 III
1282 3337 1332 3387 743
1356 3333 1443 3389 verba
1460 3350 1475 3388 a

217 3418 359 3473 DemetrIo
378 3418 412 3473 de
429 3419 558 3475 eloc151
577 3424 688 3474 servata
708 3409 808 3492 ὥσπερ
825 3414 860 3476 τὸ
878 3413 993 3490 ‘deieci
1009 3421 1126 3475 παιδίον
1142 3411 1223 3488 ῦμιῦν
1240 3413 1259 3476 ά
1276 3413 1355 3475 κέων
1373 3412 1474 3490 φέρετ’,

217 3504 309 3573 pergit
325 3503 397 3558 enim
409 3502 566 3559 Demetrius
583 3506 632 3559 καί
650 3499 686 3560 τά
701 3499 865 3575 Σώφρονος
882 3503 912 3561 δέ
924 3508 985 3560 κτλ.
1039 3502 1192 3572 Sophronis
1204 3519 1306 3558 nomen
1319 3503 1475 3559 Lobeckius

217 3587 367 3657 (Aglaoph.
379 3604 407 3656 p.
418 3592 492 3656 1032)
510 3587 652 3658 supplevit
668 3588 697 3642 in
714 3588 808 3658 glossa
819 3589 864 3646 Et
876 3605 939 3658 gen.
952 3589 1005 3655 (Et.
1018 3589 1053 3643 M.
1066 3591 1125 3654 286,
1137 3592 1180 3655 35)
1198 3583 1309 3660 δράξων
1320 3585 1421 3658 (δράξα
1432 3589 1474 3653 Β),

217 3666 234 3743 ἡ
253 3671 325 3738 λέξις
342 3668 482 3743 Σικελική.
518 3674 648 3744 σημαίνει
666 3672 695 3730 δέ
713 3670 781 3740 τοὺς
797 3668 868 3731 κατ’
886 3668 1000 3747 άγοράν
1016 3677 1076 3730 των
1094 3665 1223 3745 άλφίτων
1238 3668 1257 3744 ἢ
1275 3668 1361 3739 [τοὺς]
1381 3669 1475 3731 σίλλων

218 3760 305 3814 τινῶν
331 3756 545 3829 δρασσσμένους
569 3760 618 3814 καί
644 3749 840 3827 ἁρπάζοντας.
882 3748 974 3826 οῦτως
997 3753 1213 3831 Ἐρατοσθένης.
1252 3754 1408 3830 (Σώφρων
1430 3758 1475 3828 δέ)

217 3836 434 3913 καφιπηδάλοας
450 3846 540 3899 καλεῖ.
575 3841 610 3897 cf.
623 3842 742 3914 Hesych.
753 3839 954 3914 saecuritate<
966 3846 1165 3911 (καφικίδαλσς
1176 3843 1291 3913 Soping,
1309 3842 1344 3899 cf.
1359 3841 1474 3915 ἐγκαψι-

217 3926 651 3996 aldatocLucian.Lexiph.10)·
671 3920 688 3983 δ
706 3924 779 3995 μετὰ
797 3931 857 3984 τιῦν
874 3925 910 3985 τὰ
929 3923 1036 4000 άλφιτα
1053 3932 1102 3985 καί
1119 3922 1157 3999 μὴ
1176 3924 1311 3985 διδόντων
1323 3925 1475 3998 ἁλόμενος,

219 4029 289 4083 quae
312 4012 413 4067 frustra
435 4013 564 4067 tractavit
586 4010 792 4067 Schoemannns
817 4012 970 4069 comment.
993 4013 1172 4069 Studemund.
1194 4017 1279 4079 (1889)
1300 4029 1329 4082 p.
1347 4018 1407 4068 624.
1442 4013 1474 4069 oi.

219 4097 337 4169 Hesych.
355 4092 479 4169 δραξών·
503 4094 536 4154 έν
550 4097 678 4153 Σικελίαι
696 4094 784 4168 ἱερόν,
802 4097 844 4164 εἰς
862 4091 879 4154 δ’
898 4097 926 4155 σί
943 4102 1068 4170 γεωργοὶ
1086 4093 1171 4171 εὐχάς
1189 4093 1319 4168 ἔπεμπον
1405 4090 1475 4156 ὅθεν

217 4187 267 4240 καί
285 4178 421 4257 δραξόνες
438 4176 604 4253 (δράσαντες
621 4181 684 4248 cod)
706 4177 875 4254 ἐκλήθησαν.
910 4183 1049 4239 inlustrari
1067 4183 1178 4239 videtur
1198 4183 1340 4253 popularis
1364 4185 1474 4253 quidam

218 4269 370 4324 Siculorum
387 4283 461 4331 usus,
479 4267 514 4321 de
532 4282 588 4335 quo
600 4265 809 4322 Eratosthenem
827 4267 981 4337 disputasse
999 4268 1118 4324 conicias
1134 4276 1165 4323 ut
1177 4268 1337 4324 comoediae
1355 4271 1475 4340 origines

218 4353 376 4422 explicarem
396 4350 496 4406 similia
516 4351 545 4405 in
567 4350 697 4421 Ootyttiis
717 4351 877 4421 agebantur,
898 4353 933 4408 ci.
950 4353 1063 4409 Orosius
1079 4352 1178 4408 Philol.
1194 4353 1251 4408 vol.
1264 4355 1353 4423 suppl.
1366 4355 1407 4410 VI
1418 4359 1475 4410 284.

218 4435 378 4509 Etymologi
395 4435 481 4491 verba
497 4436 605 4491 mutila:
624 4436 742 4490 auctoris
758 4452 860 4492 nomen
877 4438 1048 4494 intercidisse
1066 4453 1127 4492 cum
1143 4437 1288 4506 probabile
1302 4439 1346 4506 sit,
1364 4448 1476 4510 propter
