3150 5018
577 265 624 314 DE
640 262 819 316 couossmi
837 262 976 314 GRAECA

385 433 524 518 ὅθενπερ
547 431 694 518 ἐσχήκασι
715 441 829 517 κλῆσιν
851 430 1036 514 δραμάτων.

384 545 503 617 μίμους
524 534 585 621 γάρ
607 539 817 621 ἐκτρέφοντες
839 533 959 616 άνδρας
980 536 1122 616 θυμέλης

328 652 371 703 105
384 654 566 722 μιμητικοίς
588 636 749 722 ἔπραττον
772 635 900 704 ἅπαντα
921 633 1071 720 τρόποις,

387 741 517 824 άνδρῶν
538 748 705 822 γυναικωυ
726 737 954 818 ἐκμιμούμενοι
976 742 1062 817 θέας.

385 852 487 910 ταῦτα
508 840 549 908 τά
570 841 666 908 κοινά
686 847 790 907 τῶνδε
811 848 865 905 καί
886 844 1069 920 μεμιγμένα.

429 941 590 1028 διαφοράν
610 940 758 1021 μάνθανε
779 952 835 1028 τῆς
855 949 1054 1021 κωμωιδίας·

387 1043 426 1131 ἧς
448 1050 698 1128 εἰκοσιτέσσαρες
721 1049 753 1112 σί
772 1043 981 1129 χορεργάται,

330 1161 373 1212 110
387 1152 554 1216 ἑκκαίδεκα
576 1153 609 1214 δέ
631 1145 782 1231 σατύρων
805 1154 1006 1231 τραγωιδίας.

316 1272 318 1277 ·
389 1257 573 1331 κωμωιδίας
595 1246 716 1333 έφημεν
738 1250 820 1316 εἶναι
844 1248 902 1317 τὸν
924 1255 1039 1332 γέλων,

389 1357 581 1436 τραγωιδίας
603 1351 703 1418 πάλιν
725 1357 758 1418 δέ
780 1351 838 1435 τῆν
860 1358 1070 1436 δρηνωιδίαν,

390 1463 459 1520 τῶν
482 1452 634 1538 σατύρων
655 1459 760 1535 γέλων
782 1460 816 1520 δὲ
837 1461 891 1521 καί
912 1459 1120 1538 δρηνωιδίαν.

435 1564 549 1640 κλῆσιν
571 1562 604 1622 δέ
626 1565 689 1622 νῦν
709 1553 857 1636 μάνθανε
880 1563 938 1640 τῆς
959 1561 1157 1634 κωμωιδίας·

335 1670 377 1721 115
390 1656 514 1737 κώμαις
537 1674 716 1738 στενωποῖς
736 1657 886 1737 κύματος
908 1664 986 1742 πρίν
1008 1660 1042 1723 έν
1062 1653 1185 1740 χρόνωι

391 1763 547 1844 έφευρέδη
569 1765 637 1843 μέν,
661 1759 706 1840 ὡς
728 1764 810 1844 ἔφην
831 1760 1001 1844 άνωτέρω·

392 1862 503 1946 άγραῖν
525 1868 558 1928 δέ
580 1861 704 1944 κώμαις
726 1867 937 1946 έκτελουμένη
959 1859 1033 1928 τότε

393 1964 515 2044 κώμοις
536 1965 620 2049 παρ’
642 1965 755 2044 αύτοῐς
780 1973 833 2031 καί
856 1964 969 2043 πότοις
990 1959 1155 2030 Διονύσου

394 2073 578 2146 κωμωιδίας
600 2065 713 2152 εύρηκε
735 2077 848 2152 κλῆσιν
870 2065 1021 2149 εὐλόγως.

337 2180 380 2230 120
394 2175 569 2254 τραγωιδία
591 2175 624 2235 δέ
646 2167 734 2254 παρά
756 2169 814 2253 τὴν
837 2174 932 2236 οίνσυ
954 2166 1070 2252 τρύγα,

395 2273 430 2336 έν
451 2267 544 2356 ῆιπερ
567 2275 731 2356 έξέχρισαν
753 2271 864 2339 αὑτῶν
886 2271 943 2350 τάς
964 2275 1057 2352 δέος,

394 2373 413 2457 ἢ
436 2372 524 2458 παρὰ
545 2372 605 2457 τὴν
627 2373 729 2459 τρύγα
752 2380 785 2440 δέ
805 2373 865 2458 τὴν
887 2378 1096 2458 δωρουμένην

394 2469 466 2560 ἦτοι
487 2474 547 2542 τὸν
568 2477 664 2544 οἶνον
687 2476 827 2543 Ἄττικῶι
850 2476 982 2555 πάντως
1004 2474 1120 2556 λόγωι,

393 2577 412 2661 ἢ
434 2577 494 2644 τὸν
516 2576 638 2661 τράγον
661 2584 694 2646 δέ
715 2586 769 2645 καί
791 2578 996 2664 τετράγωνον
1019 2575 1139 2657 στάσιν,

338 2679 413 2763 12ὄῆ
436 2679 495 2765 τὴν
517 2689 711 2766 τραχωιδίαν
733 2709 767 2750 τε
788 2690 842 2749 καί
863 2687 1073 2765 δρηνωιδίαν.

396 2781 435 2848 τὸ
458 2784 634 2867 σατυρικὸν
657 2789 691 2851 ἐκ
714 2783 865 2869 σατύρων
887 2784 1012 2867 εὑρέθη.

396 2883 475 2964 τοὺς
497 2885 636 2971 άγρύτας
658 2893 691 2953 δέ
714 2895 792 2970 πρίν
813 2884 954 2953 ἐκάλουν
981 2882 1155 2967 σατύρους·

398 2990 432 3053 έκ
454 2996 558 3055 τῶνδε
579 2997 662 3070 γοῦν
684 2987 797 3074 εύρηκε
821 2987 881 3073 ,τὴν
903 2998 1016 3071 κλῆσιν
1039 2985 1119 3054 τάδε.

441 3092 550 3176 ἔσχηκε
570 3100 624 3158 καί
646 3102 760 3176 κλῆσιν
782 3094 939 3157 δὲταῦτα
962 3086 1144 3173 δραμάτων,

340 3201 382 3253 130
397 3191 438 3258 ού
451 3191 516 3276 μὴν
535 3199 567 3260 δέ
585 3192 716 3275 λοιπόν,
735 3191 781 3273 ὡς
798 3192 838 3261 τά
857 3190 969 3272 λοιπά,
991 3188 1202 3275 γραμμάτων·

399 3298 541 3377 έδρῶντο
563 3304 617 3362 καί
638 3295 699 3380 γάρ
722 3299 757 3362 έν
777 3303 887 3375 μίμοις
911 3303 989 3380 πρίν
1011 3291 1166 3378 ἀνδράσιν

400 3402 443 3473 είς
470 3401 614 3480 Τηλέφου
634 3406 758 3481 μίμημα
779 3405 834 3464 καί
860 3396 1070 3480 Φιλοκτήτου,

400 3497 477 3564 οὐδ’
497 3502 533 3566 ἐν
553 3497 669 3589 μόνοις
690 3496 871 3583 γράμμασιν
897 3501 958 3581 εἶχε
979 3497 1038 3583 τὴν
1060 3495 1181 3564 στάσιν.

441 3608 621 3679 μονωιδίαν
642 3600 789 3682 μάνθανε
812 3600 873 3668 σὺν
894 3602 1022 3683 αύτοῖς,
1044 3606 1168 3668 τέκνον.

305 3773 308 3781 ,
345 3712 387 3764 135
400 3709 539 3783 γίνωσκε
559 3714 681 3790 κυρίως
703 3711 736 3772 δέ
756 3704 815 3789 τὴν
836 3709 1025 3783 μονωιδίαν.

399 3801 480 3872 ὅταν
501 3806 604 3887 μόνος
625 3812 712 3892 λέγηι
734 3834 783 3887 τις
805 3810 840 3872 έν
861 3811 1086 3891 θρηνωιδίαις,

401 3905 483 3975 κατά
505 3915 538 3975 δέ
559 3908 771 3995 παράχρησιν,
793 3908 835 3976 άυ
856 3913 943 3991 λέγηι
964 3905 1066 3986 μόνος

244 4183 293 4234 103
312 4180 384 4234 ὅθεν
401 4185 588 4252 παρεσηῆιιασι
604 4185 654 4234 ΒΜ
724 4186 772 4236 118
791 4185 886 4249 κώμας
901 4183 926 4233 A
994 4184 1040 4232 καί
1059 4182 1156 4230 τδνισιε
1172 4179 1201 4239 Ρ,
1220 4179 1252 4228 ei.
1270 4193 1296 4227 v.
1309 4180 1343 4229 40

157 4266 206 4315 119
224 4266 319 4334 ιδρηκε
335 4270 439 4333 scripsi,
461 4272 614 4326 υ1.τ.128ι
641 4271 747 4339 ιδρισιιι
763 4272 792 4333 Ρ,
820 4269 914 4334 ἔσχηκε
931 4267 1027 4330 reliqui
1131 4266 1178 4316 121
1200 4262 1292 4315 αὐτῶν
1310 4263 1360 4312 vde
1377 4265 1415 4313 P:

157 4350 207 4421 ταν
225 4351 318 4402 αὐτῶν
336 4354 443 4417 reliqui,
461 4357 494 4406 ci.
512 4372 538 4407 τ.
551 4358 585 4408 44
655 4357 705 4407 130
721 4355 894 4425 γραμμάτων
911 4353 967 4402 scil.
979 4347 1073 4418 κλῆσιν
1084 4351 1178 4416 ἔσχηκε
1246 4351 1305 4411 post
1322 4349 1414 4400 v.131

157 4448 248 4485 versus
265 4435 366 4502 integer
383 4454 470 4492 erasus
487 4441 515 4490 in
534 4445 555 4492 Δ
626 4442 675 4494 136
694 4435 755 4510 λίγη
771 4440 809 4491 Ar
836 4434 905 4507 λέγει
922 4438 1018 4501 reliqui
