3150 5018
595 290 774 346 ΣΩΦΡΟΝΟΣ
791 293 890 348 ΜΙΜΟΙ
1310 295 1370 354 155

113 466 204 531 τριῶν
226 455 375 527 ὑπόθεσιν,
399 461 475 530 quod
492 477 548 517 non
566 461 659 530 potuit
678 460 731 517 hoc
748 462 914 517 scholiorum
936 463 998 518 Ιοσο
1016 465 1150 520 adnotari.
1184 464 1314 534 intellege
1331 465 1372 518 in-

111 545 279 602 cantationis
296 552 500 616 argumentum
523 546 605 601 alieni
622 546 696 601 enim
714 563 732 601 a
748 546 892 615 Sophrone
910 547 1066 604 Simaethae
1083 563 1198 604 amores.

587 708 605 766 5
629 706 682 780 (ει
696 701 771 766 An.
803 704 895 782 εΒι)

198 819 330 874 Ammon.
344 819 379 874 de
390 817 451 872 diff.
462 834 490 888 p.
504 823 551 872 122
562 819 588 874 V
605 816 640 876 τὰ
653 814 710 890 γὰρ
722 826 772 875 πεῖ
782 814 834 889 τὴν
845 815 878 875 ἐν
889 816 983 876 τόπωι
1002 820 1099 891 σχέσιν
1116 824 1202 892 δηλοῖ.
1234 817 1370 892 Σώφρων

302 938 358 988 πεῖ
377 921 437 1005 γὰρ
460 921 480 989 ἃ
503 921 668 1003 ἄσφαλτος
675 950 687 1004 ;
708 932 785 1006 πῦς,
813 932 961 1006 Θεστυλί,
985 933 1101 1008 σκοπῆι
1123 923 1181 1005 τώ;

110 1039 256 1110 Sophrona
276 1056 334 1094 non
355 1039 497 1095 nominato
515 1039 611 1108 Apoll.
629 1039 664 1093 de
682 1040 746 1095 adv.
764 1056 792 1108 p.
810 1045 868 1094 542.
887 1046 945 1096 622.
964 1047 1013 1096 625
1035 1041 1103 1096 nihil
1120 1041 1173 1096 nisi
1197 1050 1247 1098 πεῖ
1269 1040 1326 1113 γὰρ
1349 1035 1367 1098 ἁ

110 1122 269 1195 ἄσφαλτος.

195 1220 283 1277 ποῖος
299 1210 502 1269 είλισκοπεῖται
521 1208 623 1263 Amm:
651 1210 755 1264 correxi
773 1210 809 1265 nd
826 1211 940 1266 Theocr.
958 1229 985 1265 v.
1000 1214 1031 1265 18
1054 1202 1121 1268 ἀλλ’
1138 1207 1291 1276 έπίπασσε,
1317 1215 1367 1268 θε-

110 1298 198 1352 στνλί.
228 1298 351 1362 δειλαία,
368 1299 421 1353 πᾶι
432 1292 485 1360 τὰς
501 1294 611 1365 φρένας
627 1291 843 1366 έκπεπότασαι,·
860 1294 894 1350 ef.
907 1313 1012 1366 argum.
1023 1295 1138 1352 Theocr.
1156 1290 1208 1366 τὴν
1219 1295 1249 1352 δὲ
1264 1300 1368 1353 θεστυ-

109 1382 172 1436 λίδα
192 1375 209 1438 o‘
231 1377 387 1451 θεόκριτος
404 1371 605 1450 ἀπειροκάλως
622 1377 655 1436 ἐκ
673 1384 732 1436 των
750 1376 913 1454 Σώφρονος
930 1377 1086 1454 μετήνεγκε
1102 1383 1207 1451 μίμων,
1234 1380 1367 1436 inclinum

109 1481 178 1521 vero
196 1483 231 1521 an
249 1476 302 1523 ποῖ
318 1465 525 1534 relinquendum
542 1463 633 1519 fuerit.

571 1641 613 1702 *6
636 1638 687 1716 (37
703 1639 778 1703 An.
810 1639 901 1715 εΒο)

195 1772 252 1826 An.
270 1772 321 1829 Ox.
340 1772 428 1828 (iram.
446 1772 460 1826 I
477 1774 564 1838 277,ss
588 1759 680 1836 οὕτως
696 1760 750 1826 οὖν
766 1773 815 1827 καὶ
832 1770 962 1842 μέγαρον
979 1771 1106 1844 μέγαρος
1123 1772 1200 1839 (haee
1216 1773 1366 1837 decurtata,

107 1855 143 1911 cf.
162 1857 206 1911 Et.
224 1857 260 1911 Μ.
278 1861 337 1923 287,
348 1861 401 1922 45).
436 1860 561 1929 ζητεῖται
578 1854 613 1912 w*
631 1857 694 1919 (τῶι
712 1855 773 1918 cod)
793 1855 872 1927 παρὰ
893 1852 1031 1929 Σώφρονι

404 1976 495 2043 κώων
517 1974 582 2060 πρὸ
603 1980 769 2060 μεγαρέων
789 1981 869 2058 μέγα
892 1977 1067 2044 ὑλακτέων.

107 2119 166 2167 tum
185 2112 211 2168 ei
228 2111 381 2166 refutantur
398 2111 445 2179 qui
463 2105 521 2182 πρὸ
540 2107 702 2181 Μεγαρέων
719 2109 900 2178 explicabant.
935 2111 1018 2180 Verg.
1035 2111 1096 2166 buc.
1115 2116 1201 2177 &107
1219 2112 1318 2182 Ηγίσπ
1335 2112 1365 2166 in

108 2197 203 2252 limine
220 2197 315 2264 latrat,
340 2196 387 2264 qui
405 2202 454 2250 aut
470 2196 559 2264 ipsum
578 2195 749 2264 Sophronem
772 2201 820 2249 aut
841 2194 908 2250 haec
926 2195 1078 2264 Sophronis
1099 2196 1186 2251 verba
1206 2197 1236 2250 in
1254 2195 1365 2252 scholiis

106 2282 275 2338 Theonitnis
291 2285 442 2335 memorata
459 2278 571 2349 legerat.

651 2440 692 2498 *ι
717 2437 820 2512 (οΒο)

194 2570 284 2626 Schol.
301 2569 415 2625 Theocr.
433 2568 461 2622 Π
480 2572 520 2622 11.
540 2573 570 2622 12
593 2571 719 2639 χθονίαν
740 2569 771 2626 δέ
795 2565 847 2641 τὴν
862 2564 979 2637 Ἑκάτην
997 2574 1079 2642 φησί,
1103 2567 1238 2642 παρόσον
1257 2575 1363 2643 Περσε-

108 2651 200 2728 φόνης
216 2655 342 2726 τροφός,
361 2648 380 2725 ἢ
398 2648 533 2726 παρόσον
551 2654 729 2727 νερτέρων
746 2650 922 2724 πρύτανιν
940 2646 1028 2729 αὐτὴν
1044 2656 1162 2728 κέκληκε
1181 2660 1216 2715 Σ.

193 2738 337 2812 νερτέρων
355 2755 409 2794 om.
427 2736 527 2803 Ambr.
545 2744 603 2792 tum
621 2748 760 2811 πρυτανεῖ
776 2739 876 2794 Ambr.
906 2743 1080 2813 πρυτανείαν
1097 2742 1159 2796 rell:
1187 2740 1363 2796 cornAdert.

648 2948 689 3008 *8
713 2946 819 3022 (7130)

192 3062 282 3118 Schol.
294 3060 429 3133 Lycophr.
442 3068 474 3116 'll
492 3064 541 3118 καί
558 3055 616 3134 γὰρ
636 3065 669 3117 Σ.
687 3056 719 3117 ἐν
736 3070 798 3127 τοῖς
811 3064 920 3132 Μίμοις
937 3066 1023 3134 φησὶν
1041 3057 1123 3135 αὖτῆι
1141 3064 1168 3129 (i.
1180 3080 1204 3118 e.
1221 3068 1265 3136 τῆι
1283 3058 1362 3122 ‘Exol-

105 3153 160 3219 τηι)
177 3145 265 3214 κύνας
281 3145 412 3204 θύεσθαι.
448 3145 483 3201 cf.
500 3145 585 3202 schol.
603 3145 716 3201 Theocr.
734 3146 763 3200 II
782 3150 822 3200 12.

649 3322 692 3382 *9
714 3321 746 3396 (9
761 3318 819 3396 Βο)

191 3433 383 3504 Apollodorus
393 3434 468 3502 apud
480 3434 558 3490 Stob.
572 3435 639 3500 149,
653 3439 684 3488 50
702 3436 890 3503 p.419,15W
907 3431 1063 3510 Γοργύραν
1080 3436 1110 3494 δὲ
1128 3440 1179 3494 τοῦ
1197 3430 1362 3509 Ἀχέροντος

105 3528 226 3590 γυναῖκα
245 3518 490 3592 προσανέπλασαν
507 3514 568 3579 dni
587 3523 639 3576 τοῦ
651 3516 745 3592 γοργοὶ
764 3521 921 3591 φαίνεσθαι
939 3529 1001 3588 τοῖς
1018 3526 1138 3588 πολλοῖς
1156 3521 1191 3579 τὰ
1209 3513 1359 3579 ένίἊιδοο·

104 3602 183 3661 καθὸ
203 3599 234 3676 δὴ
252 3606 301 3660 καί
320 3596 409 3662 αὐτοῦ
426 3600 531 3663 τούτου
549 3599 668 3677 τιθήνην
685 3598 702 3662 ὅ
722 3607 756 3662 Σ.
792 3604 829 3656 Μ
831 3623 871 3677 ορ
877 3601 1036 3674 μολίκαν
1053 3601 1213 3678 ώνόμασεν.

409 3797 552 3860 σπι]
572 3803 768 3862 οιμσινιι
788 3804 836 3861 τι
860 3804 1009 3861 inomni
1081 3876 1084 3880 Δ
1174 3828 1176 3832 ν

189 3924 303 4006 Τὴοοοτ.
320 3896 417 3982 Αᾱοη.
434 3943 538 3998 argum.
563 3927 730 4001 παρέπλασε
754 3927 784 3985 δὲ
805 3926 840 3986 τὸ
863 3924 1036 4000 ποιημάτιον
1057 3925 1091 3986 ἐκ
1112 3933 1173 3986 τῶν
1195 3929 1274 4002 παρα
1295 3927 1359 3986 Σώ-

103 4029 192 4081 φρονι
213 4010 371 4080 θεωμένων
391 4013 533 4082 (θεμένων
555 4012 640 4068 codd:
664 4029 732 4068 corr.
749 4011 846 4077 Valokl
870 4007 905 4069 τὰ
925 4009 1044 4083 Ἴσθμια.
1079 4014 1155 4069 mimi
1178 4031 1280 4071 nomen
1302 4032 1358 4069 non
1436 4091 1438 4095 Ι

102 4096 184 4164 plane
201 4103 312 4152 nemim.

545 4222 608 4284 *10
632 4223 684 4300 (38
699 4220 775 4282 Ahr.
806 4224 844 4284 17
860 4220 916 4297 Bo)

189 4333 233 4389 Et.
250 4333 362 4403 genuin.
380 4333 434 4400 (Et.
451 4333 487 4388 Μ.
505 4338 565 4401 287,
578 4339 620 4400 50)
638 4337 741 4407 δρίφος
759 4337 977 4409 Συρακοσσίων,

554 4439 625 4521 φέρ’
646 4435 674 4505 ώ
696 4439 755 4506 τὸν
777 4446 903 4524 έρίφον.
