3150 5018
583 245 630 294 DE
647 244 828 297 COMOEDIA
845 244 985 295 GRAECA

400 411 578 508 ἐπεισόδιον
607 418 640 480 δέ
662 417 759 496 ἐστιν,
783 412 828 493 ὡς
850 420 905 478 καί
927 419 1005 495 πρίν
1028 415 1119 496 ἔφην,

400 514 502 597 λόγος
523 515 642 596 μεταξὺ
665 515 751 600 πλὴν
773 526 882 596 μελῶν
902 524 1014 598 χορῶν
1036 514 1104 583 δύο.

401 618 418 684 έ
443 617 478 684 δ’
501 617 612 698 ἔξοδός
634 644 682 697 τις
705 616 855 700 τυγχάνει
875 626 980 699 χοροῦ
1002 615 1110 700 λόγος,

355 731 385 781 25
399 719 480 799 μεθ’
502 718 542 788 όν
561 737 676 804 χοροῖς
699 721 760 786 οὐκ
783 723 848 787 έστι
870 746 900 784 τι
922 723 1027 800 λέγειν
1048 725 1154 805 μέρος.

400 821 419 906 ἦ
443 827 528 903 λέξις
550 821 640 889 οὕτω
663 821 723 906 τὴν
746 829 899 907 διαίρεσιν
922 827 1020 906 φέρει,

398 922 439 990 τὰ
464 922 484 990 ἃ
507 928 651 1007 διηιρέθη
673 949 707 990 τε
729 930 846 1004 λέξεως
869 929 961 1006 λέγω.

444 1024 503 1109 τὴν
526 1025 681 1109 σκηνικὴν
704 1027 849 1111 ἄτμητον
872 1026 972 1109 ωἰδήν
993 1051 1049 1104 μοι
1071 1025 1150 1108 νόει,

399 1125 461 1209 τὴν
483 1136 544 1193 τοῦ
562 1137 668 1210 χοροῦ
690 1135 722 1195 δέ
744 1137 886 1211 πενταχῆ
907 1132 1118 1212 τετμημένην·

357 1240 387 1290 30
401 1238 470 1295 τῶν
493 1228 669 1314 τμημάτων
691 1229 818 1319 κλήσεις
841 1235 874 1296 δέ
897 1227 1041 1313 πάροδος
1062 1237 1117 1296 καί
1139 1229 1302 1309 στάσιμον

400 1328 423 1412 ἥ
444 1331 480 1395 τ)
503 1333 658 1413 ἐμμέλεια,
681 1332 806 1412 κομμὸς
828 1328 944 1413 ἐξόδου
965 1336 1051 1411 μέτα.
1127 1351 1129 1354 ·

402 1437 453 1498 έκί
476 1430 512 1499 τὸ
537 1444 690 1501 πλεῖστον
713 1437 775 1518 είχε
796 1433 858 1518 μὴν
881 1433 988 1513 οὕτως
1009 1433 1094 1515 τάδε,

402 1550 529 1617 καιροῖς
550 1541 784 1619 μετετρέιιοντο
808 1537 842 1603 δ’
864 1541 897 1603 αί
919 1534 1024 1616 τάξεις
1046 1541 1137 1605 κοτέ·

403 1640 541 1704 έκαστον
563 1638 676 1704 αὐτῶν
699 1639 841 1723 α’κριβῶς
864 1644 896 1706 δέ
917 1665 973 1720 μοι
994 1637 1087 1717 μάθε.

358 1752 388 1801 35
444 1739 463 1821 ἡ
486 1745 545 1818 μέν
568 1737 713 1824 πάροδος
736 1742 773 1826 δὴ
795 1758 865 1822 τοῖς
886 1753 1018 1820 θεαταῖς
1040 1739 1176 1807 δεικνύει

403 1842 449 1907 δι’
471 1840 511 1925 ἣν
533 1841 684 1927 άωορμην
706 1843 725 1929 ἡ
745 1854 850 1929 χοροῦ
873 1851 1031 1911 κοινωνία

404 1947 560 2026 έγγίνεταί
581 1971 651 2025 πως
674 1952 718 2026 είς
740 1945 777 2013 τὸ
801 1945 963 2031 δράματος
984 1943 1093 2024 κάδος

403 2041 507 2114 άλλου
527 2057 632 2132 χοροῦ
655 2053 740 2129 λέξις
761 2075 796 2115 τε
817 2046 930 2133 πρώτη
952 2043 1110 2128 τυγχάνει.

402 2148 502 2233 ωἰδὴν
524 2148 542 2215 ό
565 2150 741 2235 Εὐκλείδης
763 2156 806 2233 δέ,
829 2155 917 2230 λέξιν
940 2150 982 2216 οὐ
1004 2153 1096 2230 λέγει,

358 2264 387 2313 40
403 2251 503 2336 ωἰδὴν
522 2262 627 2335 χοροῦ
649 2250 835 2335 πρώτιστον
858 2252 971 2331 αὐταῖς
993 2249 1137 2332 εἰσόδοις,

402 2354 448 2434 ὡς
464 2354 554 2437 ζσῖγα
579 2370 651 2436 σῖγα
674 2351 793 2422 λευκόν
816 2357 905 2437 ἴχνος
928 2352 1087 2437 α’ρβύλης’
1108 2357 1187 2432 (Eur.
1208 2356 1256 2418 Or.
1284 2354 1375 2440 140),

401 2453 524 2522 ταύτὸν
546 2455 627 2538 τάχα
649 2460 797 2537 λέγοντες
819 2459 854 2523 έν
876 2466 1013 2535 πολλοῖς
1035 2453 1152 2537 λόγοις.

400 2555 479 2637 μετὰ
501 2555 650 2641 πάροδον
671 2557 846 2642 Εὐκλείδης
868 2557 1067 2642 ε’ττιττάροδον
1089 2563 1181 2640 λέγει,

402 2659 506 2727 άλλου
526 2669 632 2744 χοροῦ
653 2659 688 2726 δ’
711 2662 836 2725 έλευσιν
859 2657 970 2743 αὐτήν
982 2686 1039 2740 μοι
1060 2664 1130 2742 λέγε

358 2776 388 2825 45
399 2773 504 2848 χοροῦ
525 2762 599 2842 μετ’
622 2765 781 2842 ἐξέλευσιν
805 2760 840 2840 ὃς
863 2770 940 2847 πρίν
962 2759 1004 2846 ἦν
1025 2767 1138 2844 λέγων.

445 2868 546 2947 ἔγνως
567 2869 626 2944 μὲν
649 2861 739 2930 αὐτά.
779 2861 817 2929 τό
841 2862 996 2943 στάσιμον
1019 2869 1052 2931 δὲ
1073 2890 1130 2944 μοι
1148 2863 1244 2943 μάθε·

402 2968 477 3047 μετ’
500 2970 627 3034 εἴσοδον
648 2971 707 3045 μέν
730 2969 799 3049 ἔσχε
821 2965 879 3048 τὴν
901 2964 994 3046 τάξιν
1017 2971 1136 3049 φέρειν,

401 3069 484 3135 όταν
507 3071 544 3135 τὸ
568 3078 702 3151 πρῶτον
725 3065 904 3134 ἐπεισόδιον
926 3073 985 3147 μέν
1007 3077 1138 3151 γίνεται,

402 3179 462 3236 τῶι
485 3168 622 3254 δράματι
645 3169 680 3235 δ’
703 3168 800 3236 οὐτιω
822 3179 943 3236 τιτῶν
967 3180 1121 3250 σκαλμῶν
1142 3175 1239 3256 μέρος

358 3285 387 3334 50
403 3272 465 3337 εἴτ’
488 3269 550 3338 οὐν
571 3270 646 3351 μετ’
669 3270 779 3336 αὐτῶν
802 3270 979 3355 άξιόχρεων
1002 3272 1118 3353 πάθος.

402 3368 498 3466 άλλοιι
521 3379 553 3441 δέ
575 3372 613 3440 τὸ
638 3370 796 3452 στάσιμον
816 3385 922 3458 χοροῦ
944 3395 1022 3456 φασι
1043 3381 1141 3461 μέρος

404 3475 483 3543 άνευ
507 3476 712 3543 α’ναιιαίστου
734 3486 788 3543 καί
811 3486 966 3562 τροχαίου
988 3487 1056 3545 τῶν
1078 3482 1215 3561 μέτρων.

401 3577 500 3644 πάλιν
523 3577 540 3644 ὃ
564 3577 738 3662 Εὐκλείδης
761 3585 793 3646 δέ
816 3602 914 3663 φησιν
937 3577 998 3647 ὧδέ
1020 3596 1107 3660 πως·

239 3820 272 3869 22
293 3811 448 3868 ίτιειαδδιοε
465 3812 545 3882 MA,
564 3812 718 3869 ἐπεισόδιον
735 3819 798 3879 ΒΜ;
816 3824 929 3883 praestat
947 3821 1005 3871 fort.
1019 3815 1173 3884 ίαείοοδοε,
1190 3823 1221 3868 ut
1238 3821 1277 3867 est
1293 3816 1364 3865 VIII
1382 3817 1417 3865 14

189 3908 256 3972 πρίν
273 3903 344 3972 ἔφην
359 3904 398 3953 A:
426 3905 551 3971 προέφην
569 3904 619 3954 ΒΜ
706 3905 740 3955 30
763 3907 809 3954 καί
830 3919 880 3954 om.
898 3905 948 3954 ΒΜ
1034 3907 1066 3957 31
1090 3899 1185 3964 ἔξοδον
1204 3905 1276 3968 μέτα
1292 3900 1358 3962 ΒΜ,
1381 3901 1415 3950 ef.

154 4006 180 4042 v.
193 3993 226 4042 85
295 3989 537 4054 3221qusz
563 3991 616 4055 μέν
632 3990 698 4039 codd
784 3992 818 4042 35
842 3984 1000 4056 ἡπάροδοε
1015 3992 1069 4054 μέν
1086 3999 1144 4040 ‘cole
1159 3989 1209 4039 ΒΜ
1296 3987 1331 4037 38
1351 3979 1417 4035 δέου

156 4081 239 4145 χοροῦ
254 4074 391 4127 OMueller
407 4074 475 4124 Mus.
487 4074 544 4125 ’Βία
556 4074 581 4125 V
593 4076 652 4137 361,
670 4075 702 4125 αέ.
720 4076 802 4126 Arist.
814 4075 885 4127 Ροελ
900 4091 922 4125 ο.
935 4076 980 4136 12;
1002 4091 1054 4126 non
1072 4079 1141 4126 reete
1159 4067 1244 4122 ἄλλων
1261 4069 1417 4122 eombmoh

186 4164 220 4214 43
239 4153 389 4224 Εὐκλείδης
404 4159 495 4211 om.B
581 4161 616 4210 44
634 4149 689 4209 ἀλλ’
709 4161 741 4210 οὐ
759 4161 809 4210 ΒΜ
877 4155 937 4228 λέγε
955 4159 1061 4224 scripsi:
1087 4154 1158 4228 λέγει
1174 4159 1240 4211 υοᾶᾱ
1326 4159 1363 4208 46
1382 4157 1416 4205 τὸ

152 4246 241 4296 om.B
309 4245 342 4296 48
360 4246 413 4309 μέν
429 4247 538 4313 γίνεται
554 4243 618 4294 AM:
648 4239 748 4313 δρᾶται
766 4245 826 4308 (om.
838 4244 940 4310 μέν)Β
1009 4247 1043 4297 50
1064 4241 1216 4313 ἀξιόχρεων
1232 4231 1298 4310 μετ’
1318 4242 1417 4293 αὐτῶν

154 4330 249 4382 πέδον
266 4331 316 4380 ΒΜ
387 4332 418 4382 51
439 4331 471 4380 τδ
485 4331 623 4394 στάσιμον
636 4322 666 4378 δέ
679 4346 747 4398 φασι
764 4335 849 4399 χοροῦ
857 4332 939 4397 μίροε
952 4331 1011 4393 (om.
1021 4324 1107 4395 ἄλλοι)
1120 4330 1170 4380 ΒΜ
1240 4330 1273 4381 52
1292 4330 1361 4380 δνεο
1377 4331 1414 4382 A:

152 4410 223 4479 πλὴν
239 4416 288 4465 ΒΜ
