3150 5018
694 279 889 336 COMOEDIA
906 279 1052 336 DORIOA

756 456 816 516 τοι
839 458 893 524 (96
908 453 981 530 nor)

325 564 700 638 PhotSuid.xa06r‹15rrrw'
719 568 771 640 τὴν
782 571 902 639 καρδίαν
914 563 1019 640 άλγεῐν.
1039 570 1208 626 Σικελιῶται
1222 562 1240 624 ό
1251 563 1335 641 ἡμεῖς
1345 573 1506 642 βουλιμιᾶν.

242 652 459 729 Ἀπολλόδωρος
475 653 508 713 ἐν
525 652 552 719 ς’
571 658 638 728 περὶ
653 650 829 726 Ἐπιχάρμου
846 649 914 720 τοὺς
932 652 1108 719 Σικελιώτας
1125 656 1210 726 φησὶν
1228 649 1262 711 τὸ
1282 648 1337 710 τόν
1355 649 1507 726 στόμαχον

245 737 448 798 ἐπιδάκνεσθαι
474 735 531 798 ὑπὸ
559 743 642 809 λιμοῦ
667 735 853 813 καρδιώττειν
877 738 977 812 λέγειν.
1012 739 1046 794 of.
1070 739 1139 794 Poll.
1163 740 1191 794 Π
1213 744 1271 794 217.
1308 740 1425 796 ridetur
1448 741 1506 810 ipse

246 825 425 895 Epicharmus
442 826 544 882 dixisse
561 820 802 896 καρδιώσσειν.

755 1000 817 1061 203
840 1000 894 1074 (94
908 999 981 1075 nor)

331 1114 411 1168 Phot.
431 1106 569 1186 όγκίαν·
588 1108 796 1181 τὸνσταθμόν.
823 1109 959 1186 Σώφρων
969 1117 1019 1170 καὶ
1028 1109 1064 1171 'E
1091 1113 1211 1168 Antiatt
1223 1113 1313 1169 Bckk.
1328 1118 1388 1181 110,
1398 1119 1440 1175 22,
1458 1115 1504 1170 ubi

246 1191 372 1270 οὗγκίαν.
408 1217 435 1253 ν.
454 1200 490 1254 ad
506 1197 539 1253 fr.
558 1202 582 1252 9.
602 1203 641 1253 to.

755 1357 817 1417 204
840 1356 893 1432 (89
908 1355 981 1432 Lor)

330 1470 411 1526 Phot
424 1467 568 1543 ῥάφανον·
588 1466 639 1541 τὴν
651 1469 803 1544 ῥαφανῖόα.
832 1463 1017 1543 Ἐπίχαρμος.
1045 1470 1108 1526 fort
1127 1466 1245 1543 ῥάφαν
1262 1471 1453 1538 scribendum,
1470 1471 1502 1526 of.

246 1555 364 1626 Hesych.
383 1553 556 1628 ῥαφανίς..
578 1551 700 1630 Τρύφων
722 1555 751 1613 δέ
773 1574 859 1627 φησιν
881 1551 961 1629 παρὰ
980 1559 1120 1627 Δωριεῦσι
1142 1551 1195 1622 τάς
1214 1551 1320 1628 μικρὰς
1342 1555 1503 1629 ῥαφανῖδας

245 1640 393 1712 λέγεσθαι,
415 1636 467 1707 τὰς
484 1641 514 1698 δὲ
530 1636 657 1713 μεγάλας
674 1636 777 1713 ῥάφας.
1515 1667 1522 1677 ·

743 1801 805 1860 205
829 1800 902 1875 (110
925 1798 998 1872 nor)

329 1912 409 1968 Phot.
429 1913 504 1968 Suid.
527 1910 645 1987 ῥησός·
673 1908 777 1986 άρχός,
804 1907 838 1979 ὃς
860 1912 967 1986 αἱρέσει
991 1909 1026 1970 τά
1048 1912 1196 1985 θέσφατα,
1222 1909 1293 1984 παρ’
1316 1907 1502 1988 Ἐπιχάρμώι.

244 1993 308 2067 ἤτοι
331 1994 410 2071 παρά
435 1995 486 2070 τὴν
508 1996 592 2071 ῥῆσιν
614 1995 722 2073 εἴρηται
745 1994 763 2070 ἢ
785 1994 826 2064 ώς
845 1993 1045 2071 Ἀσκληπιάδης
1066 1995 1098 2055 ἐν
1115 1994 1142 2064 ς’
1163 1997 1427 2072 Τραγωιδονμένων
1444 1996 1502 2074 άρι-

245 2101 316 2138 στον
342 2075 432 2140 αὐτὸν
457 2083 606 2155 γεγονέναι
633 2079 685 2155 τὴν
709 2078 848 2155 άλήθειαν
871 2083 972 2142 εἰπεῖν’
1000 2080 1114 2156 ἐγένετο
1138 2083 1238 2140 δὲκαὶ
1260 2079 1368 2157 ἕτερος.
1406 2084 1502 2140 eodem

243 2173 353 2222 auctore
371 2168 489 2238 Hesych.
508 2168 610 2223 omissa
627 2169 782 2239 Epicharmi
804 2168 952 2234 mentione,
974 2168 1023 2224 ubi
1046 2168 1085 2222 sic
1107 2168 1238 2224 traditum
1262 2164 1450 2242 ῥησόσαρχος
1471 2163 1503 2235 ὃς

244 2250 302 2323 ῥέει
320 2272 344 2308 τ.
362 2257 390 2308 e.
427 2253 501 2322 apud
519 2252 631 2307 Suidam
649 2255 688 2310 sic
710 2253 867 2327 ῥησίαρχος
889 2251 923 2319 ὃς
944 2252 1018 2322 ἐρέει
1040 2272 1065 2309 τ.
1086 2258 1114 2310 θ.
1150 2253 1332 2323 Asclepiades
1348 2252 1437 2309 Rhesi
1455 2271 1503 2309 no·

243 2353 306 2392 men
324 2337 443 2406 explicat
459 2337 551 2403 (Rhes.
570 2342 619 2393 970
629 2343 700 2409 sqq),
722 2339 902 2409 Epicharmus
919 2354 987 2393 vero
1005 2339 1116 2393 videtur
1132 2338 1269 2393 Italiotioa
1290 2339 1413 2408 quadam
1431 2341 1502 2409 regis

243 2422 371 2477 vocabuli
393 2422 482 2477 forma
504 2441 569 2479 usus
591 2439 651 2479 esse
674 2425 718 2490 (dc
741 2438 796 2494 quo
814 2440 876 2480 voc.
894 2441 922 2479 v.
940 2423 1115 2479 Kretsmmer
1137 2424 1246 2479 Einleit.
1264 2423 1293 2477 in
1312 2423 1339 2478 d.
1357 2423 1458 2480 Gesch.
1477 2425 1502 2478 d.

242 2508 343 2577 griech.
362 2508 421 2578 Spr.
438 2524 466 2577 p.
486 2513 557 2575 126),
584 2511 623 2564 ita
640 2517 673 2566 ut
688 2526 781 2579 regem
799 2509 981 2565 sacrificulum
999 2508 1168 2579 significaret
1190 2502 1224 2575 ός
1240 2501 1357 2583 άναιρεῐ
1379 2505 1417 2567 τὰ
1435 2509 1501 2566 θέσ-

244 2613 330 2663 φατα.

752 2722 814 2781 aco
838 2722 890 2796 ιοι
907 2719 979 2796 nor)

328 2833 409 2888 Phot
428 2832 504 2888 Suiu.
523 2834 640 2890 σικελί
644 2836 660 2902 ζ
666 2848 732 2890 ειν
751 2828 786 2891 τὸ
807 2826 996 2906 άτηρεόεσθαι
1013 2833 1063 2899 (sic
1080 2832 1162 2888 etiam
1180 2830 1299 2902 Hesych.
1312 2848 1334 2886 s.
1348 2848 1377 2897 v,
1401 2826 1502 2904 αὐστη·

245 2910 380 2993 ρεόεσθαι
397 2920 474 2986 Suid)
492 2912 564 2994 παρ’
584 2913 768 2991 Ἐπιχάρμωι.
798 2916 828 2975 οἳ
845 2919 875 2976 δὲ
892 2914 1111 2990 πονηρεύεσθαι.
1142 2916 1192 2971 sed
1209 2915 1313 2971 Athen.
1326 2916 1413 2972 1220
1432 2938 1503 2974 σικε-

244 3008 331 3074 λίζειν
348 3005 383 3062 τό
403 2998 556 3079 ὀρχεῖσθαι
573 2999 652 3077 παρά
669 3013 731 3071 τοῖς
748 3009 890 3071 παλαιοῖς.
919 3021 955 3058 an
972 3003 1026 3058 fuit
1036 3000 1259 3075 <ἐγ>κιλικλζειν
1278 2999 1503 3074 πονηρεόεσθαι,

242 3097 274 3146 ut
290 3090 376 3146 verba
399 3088 428 3146 οἳ
450 3089 480 3146 δὲ
502 3086 714 3162 πονηρεάεσθαι
736 3105 793 3144 non
811 3095 867 3144 tam
885 3089 971 3144 altera
991 3088 1048 3143 sint
1064 3085 1253 3155 interpretatio
1276 3102 1359 3154 quam
1381 3089 1503 3156 corrupti

242 3175 341 3243 prioris
357 3175 437 3231 verbi
454 3174 619 3230 emendatio.
654 3174 688 3229 ci.
706 3174 750 3228 Et.
767 3174 803 3227 M.
821 3178 880 3239 310,
893 3177 933 3227 54.
969 3171 1087 3243 Hesych.
1105 3168 1310 3242 ἐγκιλικίζεται.

656 3351 717 3411 207
742 3343 830 3424 (lori
844 3346 920 3409 Ahr.
950 3350 989 3409 90
1005 3347 1078 3425 Lor)

327 3464 408 3519 Phot.
427 3459 567 3533 συκάμινα
587 3503 593 3517 .
612 3503 618 3517 .
637 3458 673 3520 τὰ
693 3462 722 3520 δὲ
739 3458 818 3535 μόρα
837 3457 951 3534 Δώριον
968 3465 1087 3530 μᾶλλον.
1120 3458 1299 3534 Ἐπίχαρμος

668 3581 782 3668 μόρων
805 3586 880 3649 νέον
902 3581 940 3649 τὸ
963 3583 1077 3663 φυτόν.

327 3719 361 3774 cf.
379 3719 483 3774 Athen.
501 3719 530 3773 H
548 3723 578 3773 51
588 3718 616 3774 h.
686 3711 720 3773 τὸ
740 3725 807 3789 φῖτυ
822 3717 930 3787 Bergk,
948 3717 1009 3772 coll.
1027 3717 1145 3788 Hesych.
1164 3735 1186 3772 s.
1198 3736 1226 3772 r.

742 3893 804 3953 ros
828 3894 903 3970 (ror
924 3892 997 3968 τοι)

326 4009 407 4064 Phot
425 4014 616 4076 συνθνμεῖν
633 4014 739 4079 (tepor
753 4008 827 4072 cod)·
855 4011 1073 4077 σνμιιεὶθεσθαι.
1101 3997 1193 4072 citor
1210 4000 1247 4063 Ἐ.
1282 4004 1316 4060 of.
1335 4007 1457 4078 Hesych.

744 4183 806 4244 209
829 4182 903 4256 (129
919 4182 992 4260 nor)

325 4299 427 4371 Phryn.
449 4304 486 4369 (p.
506 4303 554 4354 108
565 4299 598 4364 L)
621 4314 637 4353 e
659 4298 720 4353 cod.
737 4297 921 4352 Laurentiano
943 4297 1018 4365 apud
1039 4295 1230 4352 RSohoellium
1252 4295 1317 4349 Act
1336 4293 1402 4348 min.
1422 4296 1499 4351 acad.

241 4384 346 4439 Monac.
361 4385 527 4439 189311510
545 4387 751 4456 γενηθῆναι
777 4378 840 4440 άντὶ
858 4386 911 4440 τοῦ
928 4382 1064 4455 γενέσθαι
1082 4373 1151 4453 παρ)
1169 4373 1354 4452 Ἐπιχάρμώι,
1371 4383 1421 4437 καὶ
1439 4379 1500 4438 ἐστὶ

241 4465 368 4543 Δώριον·
387 4462 448 4526 ἀλλ’
461 4463 477 4524 ὃ
491 4463 644 4536 άττικὶζιον
655 4467 790 4540 γενέσθαι
802 4466 916 4540 λεγέτω.
939 4467 1056 4536 petitum
1067 4466 1179 4521 videtur
1189 4482 1205 4521 e
1216 4464 1498 4534 Pseudepicharmeis.
