3150 5018
527 277 717 332 ΕΠΙΧΑΡΜΟΥ
733 278 886 332 eninm
1275 275 1334 332 125

163 447 327 517 Epichanno
349 449 447 505 tribuit
463 449 617 504 Meinekius
639 448 766 514 (Hermae
788 449 921 513 111454);
949 447 1066 516 quodsi
1084 462 1192 512 verum,
1219 463 1234 500 e
1251 446 1337 500 Musis

76 533 195 590 fortasse
212 534 299 590 verba
315 536 411 605 petita,
429 535 463 590 ei.
481 534 514 588 ir.
528 539 569 588 53.
604 540 697 603 potest
713 539 806 588 temen
823 538 906 600 poeta
923 533 958 588 de
975 549 1073 588 eenero
1091 531 1215 586 Herculis
1234 530 1336 585 dixisse

77 624 110 673 ut
125 619 205 675 Plato
223 620 345 692 Euthyd.
362 637 390 690 p.
408 624 483 675 29⁷0
509 614 583 677 πολὺ
604 610 662 693 γόρ
683 615 740 675 πού
759 617 815 687 εἰμι
833 614 1013 691 φαυλότερος
1031 622 1083 674 τοῦ
1099 614 1279 689 Ἡρακλέους,
1303 612 1336 683 ός

78 698 131 779 οόχ
144 700 207 772 οἶός
224 699 254 762 τ’
266 698 301 778 ἦν
318 708 365 778 τῆι
383 724 415 762 τε
431 695 513 778 όδραι
532 700 723 776 διαμάχεσθαι
742 743 749 757 .
767 742 774 757 .
792 706 841 759 καὶ
852 704 992 777 καρκίνοι
1010 707 1064 761 τινὶ
1083 701 1182 776 έτέριυι
1202 707 1333 776 σσφιστῆι

78 789 112 848 έκ
129 786 275 864 θαλάττης
291 785 458 863 ἀφιγμένοι,
478 792 580 846 νεωστὶ
597 786 663 858 ἐμοὶ
680 793 775 846 δοκεῖν
791 785 1047 846 καταπεπλευκότι.

164 872 228 934 ἔνθ’
242 875 328 932 eodd:
346 870 374 931 δ’
387 868 457 947 ἦνθ’
471 873 638 940 Meinekius3
656 881 774 942 possunt
785 874 839 928 elia
850 873 911 928 fieri
925 875 1003 929 velut
1019 897 1045 931 κ.
1059 869 1085 930 δ’
1105 864 1151 931 ὅδ’
1170 870 1266 931 ένθών
1277 877 1335 930 κτλ..

578 1052 638 1110 181
666 1051 739 1122 (133
763 1046 834 1126 nor)

163 1165 208 1219 Et
225 1181 288 1234 gen.
306 1159 495 1237 κοκρόέες·
514 1157 593 1233 παρὰ
611 1158 664 1233 τὴν
680 1156 725 1225 (τὸ
744 1163 777 1227 B)
795 1158 911 1235 κρόκην.
946 1160 1053 1237 κρόκυς
1069 1158 1126 1235 γὰρ
1144 1157 1212 1234 (γὰρ
1230 1178 1284 1217 om.
1294 1161 1333 1222 Α)

78 1246 217 1323 κρόκυδες
238 1244 385 1319 (κόκρυόες
401 1247 445 1314 Α,
464 1263 518 1303 om.
535 1248 578 1313 B).
611 1244 786 1321 Ἐπίχαρμος
809 1241 860 1317 τὴν
881 1251 992 1321 χρῆσιν.
1028 1248 1117 1304 Onam.
1134 1247 1192 1301 An.
1215 1247 1277 1301 Per.
1296 1247 1334 1300 IV

78 1338 165 1400 1412
184 1325 332 1407 κσκρόθες·
351 1330 431 1404 παρὰ
450 1327 502 1404 τὴν
518 1329 628 1406 κρόκην
644 1335 746 1407 κροκίς
762 1334 899 1405 κροκέόσς
915 1335 1053 1404 κροκέδες.
1081 1330 1115 1390 'R
1129 1329 1181 1404 τὴν
1190 1335 1299 1404 χρῆσιν.

678 1509 738 1569 182

98 1703 109 1712 .
165 1624 209 1678 Et.
226 1640 289 1693 gen.
307 1624 368 1679 eod.
386 1623 416 1677 A
434 1624 463 1676 In
480 1622 599 1691 append.
616 1621 668 1676 litt.
681 1628 707 1678 Λ
734 1625 808 1692 λῆμα
829 1625 878 1678 καὶ
899 1625 995 1693 λῆμμα
1017 1621 1044 1690 (l.
1062 1626 1157 1693 λῆμμα
1175 1624 1223 1678 καὶ
1241 1623 1338 1691 λῆμα),

79 1715 145 1766 οῖον
162 1704 198 1766 τὸ
216 1708 335 1781 θέλημα.
371 1702 552 1783 Ἐπίχαρμος

254 1811 337 1881 α’λλὰ
355 1810 417 1896 χρὴ
439 1815 536 1890 εἴρειν
558 1813 593 1877 έν
615 1836 648 1876 τε
670 1821 754 1895 λῆμα
776 1821 854 1878 πᾶσι
876 1820 929 1878 καὶ
951 1820 1044 1895 λῆσιυ
1065 1818 1152 1889 μίαν.

165 1943 218 2023 χρὴ
236 1942 305 2019 ἡμῖν
322 1942 353 2003 έν
364 1965 395 2002 τε
411 1951 516 2018 χρῆμα·
526 1965 555 2002 π.
566 1949 615 2002 καὶ
626 1941 725 2018 κλήσιν
736 1967 765 2015 μ.
783 1946 848 2001 eod:
868 1950 942 2016 λῆμα
953 1946 1147 2012 Reitzenstein,
1165 1944 1270 2013 relique
1281 1960 1334 2012 ego

80 2033 194 2089 correxi.
230 2030 349 2102 Hesyeh.
367 2033 458 2102 λῆσις
475 2025 618 2104 βούλησις,
654 2033 689 2088 de
707 2031 775 2087 erasi
793 2049 820 2085 v.
838 2030 923 2086 Rhesi
941 2049 968 2085 v.
981 2035 1031 2085 685
1048 2025 1103 2104 χρὴ
1121 2031 1231 2088 εἰδέναι,

676 2207 737 2267 183

167 2320 212 2374 Et.
229 2335 293 2389 gen.
315 2320 406 2384 λέτες·
433 2314 468 2375 τὸ
487 2318 517 2375 δέ
534 2320 610 2385 λέτες
631 2313 704 2392 παρ’
719 2315 893 2392 Ἐπιχόρμαιι
910 2318 1049 2386 ένδελέτες
1066 2317 1144 2377 ἐστὶν
1163 2323 1211 2376 καὶ
1228 2317 1336 2383 έυλλτες

80 2403 130 2470 (sie
147 2403 190 2457 A:
207 2402 286 2461 έστιυ
302 2407 351 2460 καὶ
368 2401 400 2461 έν
418 2406 538 2470 λιταέοις
554 2408 604 2461 καὶ
621 2406 697 2471 λέτες
713 2406 754 2471 Β).
791 2395 867 2461 όστε
883 2400 921 2476 μὴ
940 2401 1013 2462 εἶναι
1031 2402 1185 2479 ἀφαίρεσιν
1204 2400 1254 2461 δύο
1273 2408 1335 2459 συλ-

80 2497 188 2566 λαβῶν.
223 2487 375 2555 έυδελέτες,
401 2480 477 2563 ἆρον
498 2488 549 2561 τὴν
570 2489 667 2562 μέσην,
690 2488 810 2556 έυλέτες,
837 2485 899 2547 εἶτα
917 2493 1000 2566 λέτες.
1034 2483 1087 2548 οὐκ
1109 2488 1167 2562 ἄρα
1185 2483 1336 2561 ἀφαίρεσις

80 2574 131 2636 δύο
149 2581 307 2651 συλλαβῶν.
341 2574 512 2644 Theognost
528 2591 556 2644 p.
571 2579 628 2641 162,
640 2580 672 2629 31
692 2570 727 2633 τὰ
746 2575 787 2642 εἰς
804 2581 833 2643 ἴς
850 2573 975 2647 λήγοντα
992 2572 1171 2649 ἐπιρρήματα
1189 2571 1269 2633 ἁπλᾶ
1286 2595 1334 2644 φυ-

81 2663 169 2726 σικῶς
187 2655 240 2717 σόκ
257 2656 335 2717 ἔστιν
358 2649 404 2717 ότι
425 2654 464 2730 μὴ
482 2654 518 2716 τὸ
536 2656 620 2731 έχθές
638 2656 809 2735 δισύλλαβον
827 2666 876 2719 καὶ
890 2662 961 2731 χθές
977 2657 1206 2733 μονοσύλλαβον,
1226 2661 1275 2715 καὶ
1293 2657 1335 2714 έν-

81 2745 205 2812 6ελιστές
223 2738 363 2813 σ’ξότονου
379 2739 459 2814 παρὰ
478 2747 702 2817 Συρακοσσὶοις,
727 2740 745 2802 ό
762 2749 811 2803 καὶ
827 2745 952 2812 έλλιστές
970 2747 1089 2819 λέγεται.
1125 2746 1243 2817 Hesyeh.
1262 2741 1336 2800 έυδε-

80 2829 172 2896 λιιιές·
197 2829 342 2897 παντελές.
377 2830 507 2886 tractavit
528 2829 595 2885 haee
612 2831 798 2886 Reitzenstein
816 2831 877 2885 Ind.
895 2830 912 2884 l.
930 2831 1008 2887 Rest
1027 2832 1135 2899 1891f92
1154 2847 1181 2900 p.
1195 2835 1234 2885 13.
1270 2829 1335 2898 Epi-

81 2915 206 2971 charmus
223 2914 295 2970 dixit
311 2921 340 2971 et
356 2913 530 2980 ένδελιτές
547 2921 576 2970 et
591 2912 734 2983 έλλιτές.

586 3075 647 3135 184
669 3073 745 3149 (118
767 3074 838 3150 nor)

166 3188 210 3242 Et.
229 3204 291 3258 gen.
309 3182 422 3244 Ῥαικό
428 3199 452 3252 ς·
478 3181 660 3259 Ἐπίχαρμος.
686 3185 840 3255 Φιλόξενος
852 3189 881 3245 δέ
893 3182 965 3245 εἶναι
977 3183 1114 3260 Γραικός,
1130 3190 1179 3243 καὶ
1191 3181 1336 3259 όποβολῆι

81 3276 135 3330 τοῦ
151 3277 177 3342 ‘J
196 3268 309 3338 Ῥαικός
327 3272 432 3338 (Zonar.
451 3272 479 3327 11
498 3276 582 3335 1663).
617 3272 736 3344 Hesyeh.
757 3269 884 3338 Ῥαικός·
904 3263 1019 3344 ίἝλλην.
1055 3267 1189 3341 Ῥωμαῖοι
1207 3272 1237 3329 δέ
1259 3267 1293 3328 τὸ
1310 3275 1336 3341 ‘J

81 3357 259 3431 προσθέντες
276 3354 408 3429 Γραικόυ
425 3377 503 3424 φασι.
538 3357 619 3413 Phot.
637 3353 778 3424 Ῥαικούς
804 3356 831 3414 οἳ
848 3355 996 3431 βάρβαροι
1014 3353 1082 3422 τοὺς
1092 3347 1238 3428 (Ἐλληνας.

502 3535 562 3594 185
585 3533 660 3607 (166
676 3531 750 3595 Ahr.
775 3535 834 3594 107
851 3533 922 3608 Lor)

166 3645 211 3700 Et.
228 3662 292 3716 gen.
310 3646 363 3712 (nt.
381 3647 417 3700 Μ.
436 3651 495 3713 136,
507 3651 550 3713 26)
576 3640 649 3704 όλλὰ
676 3643 728 3712 τὰς
752 3643 866 3714 κλεινὰς
884 3650 1043 3720 Συρακοῦς,
1070 3639 1214 3719 ἀποβολῆι
1239 3652 1288 3720 τῆς
1304 3653 1337 3705 οἷς

82 3735 223 3805 συλλαβῆς
239 3729 290 3802 <έκ
308 3735 360 3788 τοῦ
378 3731 441 3786 add.
459 3731 503 3786 Et.
521 3732 575 3799 M.)
594 3730 790 3805 Συρακούσας,
826 3730 853 3787 εἰ
869 3731 899 3786 δέ
916 3752 958 3796 τις
976 3725 1092 3789 εὐθεῖαν
1113 3731 1191 3788 θέλει
1209 3742 1304 3790 ποιεῖν
1320 3730 1336 3805 ἦ

82 3812 216 3886 Συρακό,
233 3814 294 3873 ἐστὶ
310 3811 406 3888 γενικὴ
425 3820 475 3886 τῆς
487 3821 645 3887 Συρακοῦς.
681 3817 780 3872 Strabo
797 3812 1024 3884 vilipensis.
1044 3816 1073 3873 δὲ
1091 3856 1097 3869 .
1117 3856 1124 3869 .
1143 3814 1266 3890 Συρακὼ
1286 3815 1338 3884 τὰς

82 3897 278 3975 Συρακσόσας.
313 3899 491 3970 Epicharmus
509 3901 580 3956 dixit

451 4004 534 4072 ἀλλὰ
556 4015 614 4084 τᾶς
636 4015 764 4084 κλεινᾶς
785 4015 967 4088 Συρακοῦς.

167 4124 216 4179 καὶ
231 4138 283 4191 pro
300 4115 371 4179 α’λλᾶ
389 4122 433 4177 Et
451 4122 487 4176 M.

534 4263 697 4327 meabas
718 4265 792 4340 (ιτα
808 4263 878 4340 nor)

167 4376 246 4431 Eust.
262 4392 290 4445 p.
304 4381 378 4444 1441,
393 4382 423 4432 11
447 4374 485 4436 Ἐ.
506 4378 537 4436 δὲ
559 4382 608 4435 καὶ
630 4371 883 4452 αλλοιέστερον
909 4378 984 4450 λέγει
1009 4382 1059 4436 καὶ
1084 4375 1337 4456 έπιηρέστερου

81 4465 130 4519 καὶ
148 4454 455 4534 όυαγκαιέστατου
472 4468 520 4533 καὶ
537 4459 787 4538 ὦραιέστατον.
823 4481 838 4519 e
855 4463 1018 4530 Philoxeno,
1036 4483 1064 4519 v.
1081 4464 1231 4522 Dinoloehi
1248 4466 1335 4521 fr.10.
