3216 5032
634 1243 937 1322 PRAEFATIO

254 1453 439 1515 Comicorum
467 1454 623 1513 atticorum
651 1450 818 1532 fragmenta
845 1452 945 1512 omnia
972 1461 1042 1514 ante
1068 1452 1122 1514 hoe
1151 1471 1195 1514 Lx
1222 1453 1284 1514 fere
1311 1473 1409 1515 annos
1521 1426 1527 1555 ἰ

156 1565 266 1642 primus
288 1564 379 1626 edidit
401 1563 572 1627 Avevsrvs
595 1562 756 1623 Mumnxn
783 1562 891 1644 insigni
916 1583 985 1624 cum
1005 1584 1077 1626 cura
1097 1563 1233 1638 collecta,
1261 1564 1331 1625 scite
1352 1564 1410 1625 dis·
1517 1558 1524 1637 ἱ

155 1676 265 1757 posita,
294 1675 445 1754 ingeniose
474 1673 629 1734 emendata
656 1682 686 1734 et
713 1673 866 1751 explicata.
910 1674 991 1756 quod
1019 1695 1094 1752 opus
1122 1675 1212 1756 plane
1239 1675 1410 1736 admirabile
1519 1686 1525 1723 '·
1552 1676 1557 1699 ²

154 1808 222 1849 cum
248 1785 442 1848 aTheodoro
464 1785 556 1847 Kock
583 1784 746 1864 expilatum
774 1786 867 1865 magis
889 1785 1017 1847 viderem
1045 1806 1135 1866 quam
1162 1785 1203 1846 ita
1229 1794 1264 1846 ut
1284 1785 1411 1847 debebat

155 1907 355 1970 retractatum,
391 1897 533 1958 decennio
566 1895 675 1956 abhinc
710 1896 772 1976 ipse
799 1896 965 1957 comoediae
994 1916 1114 1976 graecae
1147 1896 1283 1977 reliquias
1312 1897 1411 1959 denuo

154 2007 292 2088 colligere
313 2008 407 2088 coepi,
437 2028 501 2069 non
523 2028 583 2088 quo
604 2007 719 2071 viderer
745 2007 816 2067 mihi
839 2027 916 2088 quae
937 2006 1105 2069 Meinekius
1127 2008 1240 2088 egregie
1267 2008 1411 2085 praestitit

155 2119 247 2180 multo
263 2118 367 2179 melius
387 2128 536 2200 praestare
550 2139 645 2199 posse,
668 2117 719 2180 sed
740 2127 775 2178 ut
792 2138 868 2199 quae
887 2117 937 2178 ille
951 2119 1039 2181 variis
1053 2118 1090 2178 de
1104 2119 1201 2180 causis
1222 2139 1261 2179 ne
1275 2127 1411 2197 potuerat

155 2229 273 2311 quidem
294 2239 442 2311 praestare
464 2230 641 2310 supplerem.
683 2249 781 2309 neque
809 2229 888 2289 enim
917 2230 987 2291 satis
1009 2239 1072 2291 erat
1098 2250 1178 2292 nova
1199 2229 1344 2310 quaedam
1364 2239 1410 2291 tu-

154 2341 312 2402 multuaria
333 2361 423 2421 opera
443 2340 612 2421 conquisita
637 2340 749 2421 pridem
771 2339 900 2402 inventis
926 2340 1033 2402 addere
1053 2340 1102 2404 vel
1123 2341 1209 2404 novis
1235 2341 1410 2402 coniecturis

152 2462 290 2533 conupta
313 2461 467 2533 poetarum
488 2451 580 2515 verba
601 2459 752 2532 temptare,
770 2449 826 2512 'sed
848 2451 990 2532 quoniam
1011 2461 1041 2513 et
1061 2452 1098 2513 de
1112 2452 1183 2533 ipsis
1205 2452 1301 2532 poetis
1323 2451 1410 2513 etde

153 2584 255 2625 eorum
276 2563 327 2644 qui
349 2571 502 2643 poetarum
529 2563 682 2624 memorias
711 2583 865 2625 servavere
885 2563 944 2624 fide
965 2572 994 2624 et
1015 2562 1187 2625 auctoritate
1208 2563 1314 2624 rectius
1336 2563 1410 2624 iudi·

153 2693 219 2734 care
240 2674 406 2749 didicimus,
435 2674 525 2754 longe
546 2674 630 2735 aliter
650 2673 747 2736 multa
768 2694 803 2736 ac
824 2674 927 2754 gravia
953 2673 1040 2736 nobis
1067 2673 1300 2736 administranda
1325 2684 1412 2735 erant

153 2804 242 2864 quam
265 2785 338 2846 olim
360 2784 519 2847 Meinelrio.
562 2784 608 2845 his
630 2784 718 2864 igitur
739 2784 843 2846 studiis
872 2785 1006 2846 intentus
1032 2805 1103 2846 mox
1129 2805 1198 2846 cum
1218 2786 1410 2848 Vuhnmovs

152 2912 197 2955 Du
213 2895 437 2958 Wninownz
465 2895 577 2956 maiora
604 2894 724 2957 molitus
752 2894 885 2956 omnium
913 2904 1066 2976 poetarum
1092 2917 1263 2977 graecorum
1291 2897 1411 2958 disiecta

154 3006 284 3068 membra
305 3007 343 3068 ad
364 3007 454 3068 unius
476 3006 606 3087 corporis
629 3006 753 3087 speciem
775 3006 938 3086 composita
962 3006 1046 3067 edere
1067 3007 1277 3081 constituisset,
1306 3007 1410 3068 libenti

153 3116 251 3179 animo
279 3119 426 3199 privatam
453 3137 548 3179 meam
578 3138 698 3196 operam
725 3118 874 3179 communi
900 3117 980 3198 operi
1000 3118 1193 3182 commodavi.
1235 3114 1410 3197 itassfactum

151 3236 196 3289 est
225 3237 259 3290 ut
286 3228 400 3290 dudum
432 3238 537 3310 parata
564 3229 740 3290 comicorum
769 3229 856 3290 editio
887 3229 1001 3310 reliqua
1031 3229 1126 3310 operis
1158 3229 1315 3292 volumina
1342 3229 1411 3292 licet

151 3338 254 3400 ordine
275 3340 374 3421 priora
398 3339 592 3401 antecederet.

235 3451 329 3531 primo
357 3451 414 3513 hoo
443 3449 585 3513 fasciculo
615 3458 768 3531 poetarum
796 3448 966 3513 Siculorum
995 3459 1024 3512 et
1050 3451 1234 3514 Italiotarum
1268 3471 1344 3532 quae
1372 3472 1410 3513 ex

149 3560 303 3622 comoediis
332 3562 426 3623 mimis
456 3561 634 3642 phlyacibus
663 3571 824 3642 supersunt
850 3563 1014 3642 composui,
1043 3562 1143 3624 addito
1172 3563 1259 3624 etiam
1281 3562 1408 3640 Sopatro

149 3671 272 3750 Paphio,
299 3672 351 3753 qui
372 3672 441 3735 licet
461 3673 565 3734 atticae
587 3672 753 3734 comoediae
773 3673 934 3734 imitatione
955 3672 1086 3735 imbutus
1109 3673 1185 3735 iusto
1207 3683 1308 3734 tamen
1330 3684 1408 3737 vete·

149 3802 216 3843 rum
245 3781 350 3844 iudicio
379 3782 510 3862 parodus
538 3782 586 3846 vel
608 3783 723 3865 phlyax
749 3784 925 3862 appellatur.
969 3793 1123 3862 poetarum
1144 3784 1273 3865 reliquiis
1300 3785 1410 3847 subieci

149 3892 327 3973 glossarium
341 3893 524 3969 italioticum,
547 3895 688 3956 sermonis
704 3894 895 3956 Doriensium
909 3904 1057 3976 quotquot
1071 3895 1104 3955 in
1119 3895 1218 3958 Sicilia
1232 3895 1280 3959 vel
1294 3895 1410 3977 Magna

149 4003 277 4066 Graecia
299 4004 382 4067 sedes
397 4005 527 4067 habuere
540 4005 694 4069 vocabulis
709 4006 840 4068 collectis
861 4006 999 4068 omnibus
1021 4027 1098 4088 quae
1111 4006 1149 4068 ad
1164 4016 1259 4068 certos
1273 4017 1408 4071 auctores

147 4114 248 4175 referri
270 4135 334 4176 non
355 4125 504 4193 poterant,
533 4137 596 4178 non
619 4137 679 4197 quo
701 4117 800 4178 omnia
821 4117 894 4178 haec
916 4137 932 4178 e
954 4117 1132 4179 carminibus
1155 4119 1295 4179 scaenicis
1318 4120 1410 4199 petita

147 4224 315 4300 arbitrarer,
349 4227 400 4289 sed
432 4236 466 4289 ut
498 4228 560 4290 eius
593 4229 734 4290 sermonis
767 4229 930 4308 pleniorem
961 4237 1210 4308 repraesentarem
1243 4229 1407 4309 imaginem,

148 4357 207 4417 quo
230 4337 255 4398 si
276 4338 375 4400 minus
391 4338 597 4416 Epicharmus,
620 4348 652 4401 at
672 4339 812 4418 Sophron
833 4339 990 4402 Rhinthon
1012 4340 1110 4403 Scires
1125 4339 1250 4401 Blaesus
1272 4343 1408 4421 quamvis

146 4447 264 4512 diversa
279 4449 370 4511 secuti
384 4450 509 4512 consilia
530 4451 577 4512 usi
593 4471 659 4512 esse
674 4451 819 4514 videntur.
856 4459 1006 4528 praeterea
1027 4452 1168 4534 quoniam
1190 4451 1264 4513 nihil
1287 4454 1410 4515 interest
