3150 5018
644 250 691 299 DE
707 248 888 300 COMOEDIA
905 248 1045 299 GRAECA

469 424 594 502 Ίζέτζηι
616 416 809 502 προσελθὼν
830 417 973 501 οἷκριβῶς
996 415 1084 484 ἅπαν
1105 416 1190 496 μάθε

466 519 567 602 λόγωι
588 527 712 601 διαυγεῖ
731 528 785 586 καί
807 536 905 601 σαφεῖ
923 527 978 586 καί
1000 517 1179 598 συντόμωι·

465 629 519 688 καί
541 621 578 706 δὴ
602 621 640 688 τὸ
664 632 731 689 πᾶν
753 621 852 689 ἄκουε
874 631 994 688 λεπτῶι
1016 630 1076 687 τῶι
1097 618 1232 705 τρόπωι.

412 736 454 785 155
511 723 593 791 κατὰ
615 724 720 792 τόπον
742 730 956 808 πρῶτονμὲν
979 730 1023 802 είς
1043 727 1122 807 μέρη
1145 722 1215 804 δύο,

467 828 510 905 είς
532 851 566 892 τε
588 825 748 910 πρόσωπα
770 835 823 893 καί
847 825 908 892 σὺν
930 825 1042 904 αὐτοῖς
1064 831 1109 904 είς
1130 824 1260 906 λόγους,

466 933 580 1012 τέχνην
602 935 717 1014 διαιρεῖ
736 926 893 1013 κωμικήν,
915 933 1120 1012 τραγωιδίαν,

466 1037 520 1096 καί
541 1028 601 1113 τὴν
621 1039 734 1115 τρίτην
756 1037 896 1114 ποίησιν,
918 1029 937 1113 ἣ
959 1027 1090 1097 τούτων
1110 1033 1201 1110 μέση.

465 1131 505 1199 τά
527 1139 547 1199 δ
554 1132 562 1155 '
584 1129 626 1198 αὖ
649 1133 809 1216 πρόσωπα
832 1136 976 1215 δευτέραι
998 1135 1145 1215 διαιρέσει

413 1246 455 1295 160
470 1240 514 1312 είς
536 1232 690 1317 σκηνικόν
710 1260 745 1300 τε
766 1242 819 1300 καί
838 1233 942 1318 χορὸν
963 1238 1069 1312 τέμνει
1091 1231 1200 1313 πάλιν,

466 1335 645 1420 ὑποκριτὴν
667 1338 724 1401 ένα
745 1361 780 1401 τε
801 1343 855 1402 καί
877 1335 1022 1415 πολλοὺς
1044 1340 1134 1416 λέγω.

466 1436 504 1503 τὸ
528 1436 681 1523 σκηνικὸν
704 1436 884 1521 πρόσωπον
907 1435 948 1505 αὖ
970 1443 1076 1516 τέμνει
1098 1435 1198 1503 πάλιν

467 1543 511 1619 είς
531 1565 566 1606 τε
589 1537 743 1619 σκοποός,
767 1539 953 1622 σάλπιγγας,
976 1546 1020 1618 είς
1040 1537 1119 1618 τοὺς
1141 1538 1298 1620 ἀγγέλους

468 1645 658 1723 ἐξαγγέλους
679 1667 714 1708 τε
736 1640 818 1724 πρός
839 1649 944 1724 τρισίν
967 1643 1080 1725 οἷσπερ
1102 1645 1194 1722 λέγω.

413 1756 456 1805 165
470 1740 509 1808 τά
531 1752 592 1809 τοῦ
610 1753 715 1827 χοροῦ
737 1743 772 1810 δ’
794 1738 918 1827 άτμητα
940 1753 1108 1822 παντελῶς
1129 1748 1219 1824 λέγει.

399 1908 400 1913 ,
508 1843 549 1911 τὰ
571 1855 639 1911 τῶν
661 1844 849 1929 προσώπων
870 1855 990 1912 ταῦτα·
1010 1843 1087 1924 τοὺς
1109 1843 1229 1927 λόγους
1250 1840 1355 1908 πάλιν

468 1949 539 2030 έξῆς
561 1954 677 2031 διαιρεῖ
696 1946 778 2032 πρὸς
798 1952 899 2031 μέτρα
920 1955 973 2013 καί
996 1945 1175 2030 περιόδους.

466 2053 564 2132 μέτρα
587 2057 760 2132 τροχαίους
782 2048 843 2114 σὺν
865 2047 991 2129 ἰάμβοις
1012 2074 1068 2128 μοι
1088 2045 1167 2129 νόει,

466 2148 545 2229 τοὺς
568 2150 603 2216 δ’
626 2148 667 2216 αὖ
691 2151 826 2230 ἰάμβους
849 2149 909 2216 σὺν
932 2151 1143 2226 α’ναπαίστοις
1164 2155 1326 2232 περίοδον.
1364 2203 1368 2208 .

413 2265 455 2314 110
468 2251 507 2319 τά
530 2257 629 2336 μέτρα
650 2263 753 2318 ταῦτα
775 2251 836 2319 σὺν
858 2251 1063 2336 περιδρόμοις
1085 2250 1150 2330 ἅμα

467 2353 567 2421 πάλιν
590 2361 705 2438 διαιρεῖ
724 2355 807 2438 πρὸς
827 2354 868 2422 τὰ
889 2360 1027 2438 τέσσαρα
1048 2358 1137 2438 μέρη,

468 2454 654 2540 προλόγους
675 2483 710 2524 τε
732 2461 834 2542 ῥῆσιν,
857 2454 1037 2523 ἐπεισόδιον
1059 2463 1112 2521 καί
1135 2458 1264 2535 ἔξοδον·

469 2557 592 2638 εἰςτὰς
614 2558 759 2640 α’μοιβάς,
782 2565 825 2638 είς
847 2558 966 2640 λόγους
988 2555 1226 2641 κουρισμάτων,

468 2669 512 2740 είς
534 2659 688 2746 σκηνικην
711 2659 810 2744 ωἰδήν
832 2668 941 2726 τεκαὶ
961 2658 1182 2744 χορευμάτων.

410 2777 453 2826 115
509 2763 569 2848 τὴν
592 2763 746 2848 σκηνικέγν
768 2762 911 2847 ἄτμητον
935 2761 1034 2846 ωἰδὴν
1057 2760 1099 2828 αὖ
1122 2767 1222 2845 λέγει·

468 2864 527 2954 τὴν
549 2876 610 2933 τοῦ
629 2868 734 2950 χοροῦ
756 2871 790 2932 δέ
811 2874 946 2950 τετραχῆ
968 2870 1174 2949 τετμημένην,

468 2974 511 3047 είς
534 2967 691 3051 πάροδον,
714 2966 923 3050 έπιπάροδον,
947 2965 1112 3049 στάσιμον,
1136 2963 1367 3050 όρχηματικόν·

470 3069 551 3152 άπερ
574 3075 662 3154 φέρει
684 3068 854 3148 σύμπαντα
875 3076 929 3135 καί
951 3076 1117 3147 κωμωιδία

469 3179 522 3238 καί
544 3169 604 3255 τὴν
626 3170 810 3254 παράβασιν
819 3175 864 3250 χές
886 3176 987 3239 πλέον
1011 3169 1141 3239 τούτων
1163 3174 1266 3253 φέρει·

415 3285 457 3336 180
471 3270 508 3358 ἧς
529 3273 741 3357 παραβάσεως
764 3271 844 3340 ἑπτὰ
865 3284 996 3340 τελοῦσι
1017 3273 1167 3357 τὰμέρη,

469 3373 489 3447 ἃ
511 3382 589 3459 πρίν
612 3384 723 3456 σαφῶς
745 3373 887 3460 ἤκουσας
909 3380 944 3442 έν
966 3384 1085 3443 λεπτῶι
1107 3373 1208 3456 λόγωι

470 3476 515 3555 ῶς
536 3475 644 3543 πάντα
664 3476 786 3543 τάλλα·
808 3485 861 3543 καί
884 3485 1036 3561 στραφεὶς
1056 3483 1188 3557 βλέπων
1208 3472 1300 3555 μάθε.

512 3582 579 3644 ἐπεὶ
601 3585 634 3645 δέ
655 3587 764 3657 καλῶς
785 3577 891 3646 πάντα
914 3588 1026 3663 σοίπερ
1048 3578 1181 3663 ἐγράφη,

470 3680 569 3748 ἄκουε
591 3679 709 3749 λοιπὸν
731 3688 763 3746 τί
783 3685 876 3760 τέλος
896 3687 1103 3764 τραγωιδίας·

416 3793 458 3844 185
471 3790 600 3866 μίμησις
621 3783 725 3867 η’θῶν,
749 3781 911 3866 πράξεων,
933 3780 1146 3866 παθημάτων,

309 3989 358 4039 167
382 3989 428 4036 καί
446 4003 496 4037 om.
513 3989 563 4038 ΒΜ
643 3992 692 4040 169
715 3991 833 4054 ίάιιβοοα
850 3982 982 4055 περίοδον
1000 3991 1050 4038 οδν
1067 3988 1250 4037 ἀναπαίστοις
1271 3984 1373 4034 omissis
1391 3985 1483 4036 verbis

224 4076 287 4123 τοδε
309 4062 339 4122 δ)
359 4071 395 4121 αδ
413 4073 464 4121 ΒΜ
568 4075 618 4125 170
642 4067 874 4141 ουμπεριδρόμοιε
890 4073 969 4135 οοδδ,
997 4067 1163 4140 περίδρομον
1183 4072 1201 4121 i.
1219 4086 1245 4134 q.
1269 4064 1400 4136 περίοδον

225 4160 273 4209 172
292 4158 361 4223 πρδε
377 4151 473 4224 λόγους
489 4159 525 4221 A,
553 4153 648 4226 λόγους
664 4159 726 4220 ΒΜ,
753 4160 785 4210 οἱ,
803 4175 828 4209 v.
845 4160 886 4210 20.
906 4159 969 4218 123;
996 4152 1090 4225 λόγουε
1107 4150 1265 4207 ἐπεισόδιον
1282 4149 1383 4213 ἔξοδον
1399 4158 1483 4224 ῥῆσιν

223 4245 273 4293 ΒΜ
361 4244 410 4294 175
435 4243 486 4305 τήν
505 4244 608 4307 οιιηνην
626 4237 713 4307 ῶιδήν
732 4244 857 4308 ἄτμητον
875 4242 911 4292 αδ
925 4240 946 4292 λ.
965 4242 1015 4292 ΒΜ
1102 4244 1151 4294 177
1173 4239 1211 4290 ele
1229 4257 1259 4290 τε
1275 4233 1405 4307 πάροδον
1422 4244 1483 4292 dm·

225 4321 351 4394 πάροδον
368 4327 439 4380 ἅμα·
467 4328 603 4393 στάσιμον
618 4329 671 4395 γὰρ
690 4329 925 4395 ουνοργηματαιόν
943 4345 973 4378 τε
989 4328 1039 4377 ΒΜ
1127 4329 1176 4379 179
1201 4328 1253 4388 τήν
1273 4341 1323 4378 om.
1341 4326 1393 4376 ΒΜ

226 4415 275 4464 180
289 4414 359 4479 μίρη
371 4415 556 4479 παραβάσεων
567 4413 639 4463 έπτολ
651 4406 756 4463 τελοῦσι
773 4412 823 4461 ΒΜ
