3150 5018
636 280 931 337 TARENTINORVM
1347 283 1409 342 207

241 455 274 505 94
300 451 419 523 Hesyoh.
437 452 506 523 ylo·
526 454 622 508 αυτοῦ.
653 450 831 506 Tarentinum
842 466 995 519 pronomen
1012 452 1062 507 βία
1080 451 1139 506 iure
1151 451 1287 521 adgnovit
1298 452 1411 508 Ahrens

154 534 228 590 Dial.
246 535 274 590 Π
295 540 336 590 54.
370 554 399 591 v.
417 535 584 590 adRhinth.
602 535 635 589 fr.
655 540 694 589 13.
794 561 805 569 ,

240 709 274 760 95
300 705 418 777 Hesych.
437 701 585 779 γολύριον·
603 705 733 776 κέλυφος.
764 706 872 763 οἰκεῖον
887 707 1082 778 Ταραντίνοις.
1118 707 1290 763 scribendum
1308 704 1411 765 Ἑελύ·

154 811 254 864 τριον
276 790 322 846 vei
339 787 532 864 Έολύτριον
549 790 594 856 (of.
612 791 677 846 Hes.
694 786 840 861 κελύφανα
859 797 887 845 et
903 785 1087 860 κολῦφανον),
1109 810 1137 845 v.
1155 792 1221 847 Hes.
1239 791 1408 863 γέλουτρον·

154 871 286 949 ἔλυτρον,
308 871 397 947 ήγουν
419 875 544 947 λέπυρον
562 883 590 930 et
607 871 739 948 ἔλυτρον·
758 874 856 944 δέρμα,
875 875 1006 948 λέπυρον.

242 1050 274 1099 96
301 1044 421 1117 Hesyoh.
444 1047 564 1118 γραιβία
586 1041 605 1115 ή
626 1048 755 1118 γραιτία·
780 1041 944 1116 πανήγυρις.
971 1049 1150 1118 Ταραντῖνοι.
1185 1047 1203 1100 i.
1214 1063 1237 1101 e.
1255 1051 1412 1120 yoarfr'a,

155 1137 188 1184 ut
203 1129 277 1185 vidit
288 1129 400 1185 Ahrens
413 1130 485 1185 Dial.
498 1129 644 1186 11490011.
662 1127 977 1202 Hesyoh.ssnot2v1ieaov
994 1136 1022 1185 et
1038 1131 1222 1203 τηροίνθεμον
1238 1132 1256 1186 i.
1269 1148 1292 1186 e.
1304 1129 1411 1206 Ἑήριίν-

153 1220 257 1282 θεμον.
292 1215 327 1269 de
344 1215 497 1284 Messapiae
515 1215 625 1268 nomine
644 1230 670 1283 q.
687 1231 710 1268 e.
732 1213 852 1268 Groe'ooa
869 1216 977 1270 monuit
993 1215 1151 1270 WSohulze.

242 1389 273 1439 97
300 1385 419 1456 Hesyoh.
446 1381 569 1443 δοί9εα·
597 1376 674 1458 ἱίρτιη
701 1381 833 1458 σρειὶτια.
872 1390 1051 1456 Ταραντῖνοι.
1137 1381 1252 1459 ἁρπαγή
1270 1390 1411 1461 φρεατεία

154 1469 314 1535 MSohmidt,
332 1469 381 1524 sed
399 1464 490 1527 δᾰθεα
508 1485 543 1524 ne
561 1470 600 1524 sio
618 1470 728 1539 quidem
747 1471 913 1539 expeditum.

243 1642 274 1692 98
302 1639 421 1710 Hesyeh.
440 1643 526 1708 δαῑμα
545 1678 552 1693 .
571 1679 577 1692 .
596 1635 725 1709 στήμονα
743 1639 773 1697 δὲ
788 1645 968 1712 Ταραντῖνοι.
1003 1639 1083 1694 facile
1101 1640 1278 1709 adgnoscitur
1295 1642 1410 1710 δίασμα,

153 1723 320 1778 vocabulum
337 1724 404 1778 satis
416 1731 520 1778 notum.
543 1724 683 1779 Tarentini
695 1723 812 1779 fortasse
830 1720 923 1792 ἆσμα
936 1725 1071 1792 dixerunt,
1089 1726 1123 1780 oi.
1135 1725 1192 1779 An.
1204 1725 1293 1780 Bekk.
1305 1730 1364 1791 452,
1377 1730 1410 1780 39

155 1803 247 1877 ἆσμα·
266 1803 301 1865 τὸ
321 1810 434 1877 δίασμα.
469 1811 518 1864 καί
537 1805 673 1880 Σώφρων
690 1806 838 1874 ἄττεσδαι,
857 1804 874 1867 o‘
892 1805 973 1882 ἡμεῖς
989 1806 1146 1880 διάζεσ9αι,
1164 1829 1192 1864 v.
1211 1810 1308 1879 Sophr.
1326 1810 1359 1865 fr.
1370 1816 1411 1865 79.

241 1982 273 2032 99
300 1979 419 2050 Hesyeh.
445 1975 591 2048 Λάμεια·
619 1973 703 2051 έορτή
730 1974 810 2049 παρὰ
840 1981 1035 2049 Ταραντίνοις.
1071 1980 1125 2035 fuit
1141 1980 1205 2034 fort.
1224 1982 1359 2049 Δαμιέια,
1380 1988 1411 2035 ut

153 2062 265 2118 Tarenti
284 2064 379 2119 eadem
397 2063 480 2118 fuerit
497 2066 593 2133 Δαμιά
613 2064 665 2119 dea
682 2080 752 2133 quae
769 2064 902 2133 Epidauri
920 2064 1032 2129 (Herod.
1044 2065 1070 2120 V
1082 2069 1123 2119 82.
1136 2069 1187 2130 93).

242 2237 289 2287 199
316 2234 435 2305 Hesyoh.
453 2237 704 2290 δαναιεδαιδοῦλαι.
730 2239 910 2306 Ταραντῖνοι.
945 2234 1062 2290 fortasse
1085 2228 1279 2303 ἄδμενίδες·
1305 2239 1412 2301 δοῦλαι,

155 2334 226 2386 quae
244 2325 286 2373 est
303 2319 396 2387 glossa
413 2319 457 2377 Et.
475 2320 510 2373 M.
530 2322 570 2385 18,
588 2323 629 2372 32.
664 2319 823 2373 femininam
841 2319 970 2374 vocabuli
988 2313 1081 2390 α’τμήυ
1099 2320 1151 2383 (Et.
1169 2320 1205 2373 M.
1225 2324 1282 2386 164,
1295 2324 1337 2385 31)
1355 2320 1412 2375 for-

153 2418 226 2456 mam
254 2403 391 2472 adgnovit
416 2402 652 2470 Hemsterhusius;
683 2405 718 2460 de
741 2404 847 2473 origine
869 2421 897 2457 v.
920 2404 1085 2461 Danielsson
1109 2405 1227 2460 Gramm
1250 2423 1276 2460 u.
1298 2406 1410 2476 etymol.

155 2486 232 2541 stud.
250 2488 265 2541 I
283 2493 323 2541 34.
358 2487 517 2544 Iohannson
535 2488 564 2542 in
581 2489 713 2544 Bezzenb.
731 2490 814 2543 Beitr.
832 2491 928 2545 XVIII
947 2495 987 2544 11.
1022 2491 1132 2544 Meister
1148 2490 1215 2545 ibid.
1233 2491 1276 2544 XI
1295 2494 1352 2544 196.

242 2661 289 2711 191
317 2659 436 2729 Hesyoh.
448 2663 635 2730 δεδήνιῦσθαι·
658 2655 901 2731 ένεχυριίσασθαι,
918 2657 1093 2731 ἐνδήσασθαι
1110 2657 1254 2732 ένεχύροις
1272 2668 1300 2714 et
1317 2663 1410 2731 δεδηγ-

153 2740 252 2809 μένος·
270 2742 454 2814 βεβλημένος.
493 2749 672 2816 Ταραντῖνοι.
711 2749 883 2814 Ταραντῖνοι
904 2746 1070 2800 vocabulum
1094 2745 1130 2799 ad
1153 2745 1272 2813 priorem
1290 2745 1410 2814 glossam

153 2826 303 2893 retrahunt,
322 2827 419 2885 dubito
431 2845 498 2884 num
510 2836 590 2885 reete.
616 2831 727 2886 videtur
739 2847 755 2884 a
769 2834 821 2885 δικ-
839 2829 941 2885 faetum
953 2831 1103 2899 perfeetum
1122 2834 1138 2885 δ
1142 2834 1178 2886 εδ
1182 2829 1324 2901 ιγμὲνος
1341 2845 1411 2884 esse.

155 2910 269 2965 alterum
287 2913 411 2979 verbum,
437 2922 469 2970 ut
493 2921 597 2970 taceam
619 2915 768 2984 perrectum
790 2931 839 2984 per
861 2916 991 2970 aoristum
1017 2916 1193 2984 explicatum,
1219 2915 1311 2969 neseio
1338 2914 1411 2969 unde

155 2996 242 3064 repeti
259 2998 355 3066 possit.

244 3155 291 3203 192
319 3151 438 3219 Hosyoh.
460 3148 677 3219 διασυκιίξαι·
702 3145 891 3210 διασκεδάσαι.
926 3158 1105 3225 Ταραντῖνοι.
1140 3169 1197 3208 non
1214 3161 1287 3208 reete
1304 3157 1412 3209 διασκε-

154 3234 233 3288 λίσαι
250 3235 413 3303 explioatum
430 3237 550 3293 malebat
566 3236 725 3293 MSohmidt.

244 3391 291 3441 103
318 3388 436 3460 Hesyoh.
468 3386 611 3463 δρόμος·
643 3386 660 3462 ή
691 3385 837 3465 ὀρχήστρα
869 3396 921 3447 τοῦ
952 3394 1142 3447 Διονυσιακοῦ
1170 3387 1299 3461 θεάτρου
1328 3385 1408 3462 παρὰ

159 3474 354 3543 Ταραντίνοις.

244 3629 292 3679 194
319 3626 437 3698 Hesyoh.
461 3627 732 3702 δυσχιδιότερον·
754 3626 1031 3703 κακοτροπώτερον·
1058 3635 1239 3700 Ταραντῖνοι.
1319 3630 1411 3697 δυσχι-

155 3704 288 3781 μοι’τερον
306 3710 470 3780 MSohmidt3
496 3713 561 3769 fort.
579 3709 792 3788 δυσχιλότερον·
819 3711 1093 3789 κακοτροφώτερον.

244 3884 292 3933 196
319 3881 409 3938 Sohol.
426 3883 496 3938 Plat.
514 3885 597 3956 Eryx.
609 3901 636 3953 p.
650 3890 722 3939 392a
739 3889 780 3947 (=
793 3884 911 3956 Hesyoh.
926 3901 947 3939 s.
960 3888 999 3949 v.)
1016 3886 1132 3953 τιμᾶται
1149 3884 1179 3941 δέ
1193 3879 1412 3950 Ἐλευ9έριος

156 3957 241 4029 Ζέὺς
263 3968 312 4020 καί
334 3962 366 4021 ἐν
385 3967 585 4041 Συρακούσαις
607 3973 656 4025 καί
680 3965 759 4042 παρὰ
783 3972 840 4036 (καὶ
858 3968 942 4034 schol)
970 3971 1158 4039 Ταραντίνοις
1175 3971 1234 4023 κτλ.
1270 3966 1304 4021 cf.
1323 3966 1360 4035 gl.
1379 3970 1410 4018 57

149 4042 307 4121 Ἂλιακτήρ.

240 4203 306 4257 *196
332 4205 451 4276 Hesyeh.
463 4204 499 4262 έν
514 4203 709 4280 Τάραντον·
726 4204 864 4265 ἐντόπιοι
881 4212 931 4278 τῆς
944 4209 1088 4274 Σικελίας,
1106 4210 1154 4264 καὶ
1171 4203 1203 4262 ἐν
1220 4201 1304 4261 πόλει
1322 4203 1411 4275 εἰσέρ-

154 4307 266 4357 χονται,
300 4289 353 4345 hoo
371 4298 413 4345 est
429 4291 459 4344 ni
476 4290 558 4346 fallor
570 4287 614 4349 ‘aa
629 4289 778 4364 Τάραντον
795 4293 890 4348 dicunt
906 4309 957 4362 pro
974 4290 1007 4349 έν
1022 4288 1180 4365 Ταράντωι,
1199 4307 1269 4359 quae
1287 4296 1329 4344 est
1345 4288 1410 4344 urbs

155 4372 263 4514 Sieiliale
283 4378 359 4515 (noim
375 4392 434 4479 ’usu
455 4393 506 4445 pro
524 4377 625 4446 Magna
643 4377 773 4444 Graecia),
795 4379 860 4432 item
884 4395 899 4433 e
921 4379 1057 4433 contrario
1080 4374 1111 4432 ἐν
1132 4367 1214 4432 πόλει
1233 4373 1410 4447 εἰσέρχονται

153 4472 205 4524 pro
223 4477 263 4524 ες
281 4479 319 4514 πο
340 4481 375 4517 ιν.
