3150 5018
610 302 789 357 ΣΩΦΡΟΝΟΣ
805 301 903 356 ΜΙΜΟΙ
1322 301 1382 360 165

126 472 289 528 Heracleote
314 471 517 541 (pompaletioue
539 471 585 525 ille
610 470 800 535 hauddubie)
827 471 934 540 legatus
957 470 993 525 ad
1016 471 1157 527 Seleucum
1184 471 1284 526 missus
1309 471 1384 541 apud

126 557 299 612 Memnonem
317 555 408 623 (Phot.
425 555 493 610 bibl.
510 573 538 625 p.
555 560 632 611 226υ
650 559 704 622 16);
732 551 799 622 ένὸς
823 559 876 613 τοῦ
900 555 1120 624 Χαμαιλέοντος
1147 549 1229 613 οὐδέν
1256 548 1384 628 ὀρρωδή-

127 660 235 708 σαντος
258 635 311 706 τάς
334 634 454 706 άπειλύις
477 634 549 698 άλλὰ
571 640 704 710 ’φαμένου
722 633 878 712 Ἥρακλῆς
899 635 1026 712 κάρρων,
1051 633 1186 699 Σέλευκε’
1208 637 1337 713 (κάρρων
1353 639 1384 698 δὲ

127 722 144 783 ὃ
163 724 352 798 ἰσχυρότερος
373 721 453 796 παρὰ
472 729 646 796 Δωριεῦσιν).
685 719 702 781 ὁ
727 720 753 780 δ’
774 714 826 782 σύν
844 724 987 790 Σέλευκος
1008 722 1043 782 τὸ
1065 727 1120 794 μὲν
1138 724 1227 798 ῥηθέν
1251 719 1285 783 ού
1303 716 1385 796 συνῆ·

126 831 177 868 κεν
192 815 255 868 κτλ.
290 810 354 866 hino
370 810 451 866 simul
469 816 544 865 aetas
563 809 783 866 Chamaeleontis
800 808 916 864 delinita
933 809 992 865 erit.

574 1016 941 1094 mmmmmm

475 1149 554 1229 ύμές
575 1156 608 1216 δέ
630 1149 860 1232 έπεγγυάμενοι
881 1160 1026 1218 θωκεῖτε.

215 1282 310 1351 Apoll.
328 1283 364 1338 de
380 1299 459 1352 pron.
476 1300 504 1353 p.
518 1285 595 1340 1191)
613 1289 733 1357 Δωριεῖς
749 1280 830 1355 ύμές·
853 1278 934 1354 ‘lale
952 1326 958 1340 .
973 1326 979 1340 .
997 1279 1078 1343 θωκ.’
1097 1281 1241 1356 Σώφρων.

579 1455 1017 1553 αωὼωω”

444 1610 497 1686 ἐμὲ
519 1607 554 1673 δ’
577 1606 764 1692 Ἀρχωνίδας
785 1610 873 1675 ἴαλλε
896 1609 974 1692 παρ’
996 1609 1061 1688 ύμέ.

213 1738 309 1807 Apoll.
327 1740 362 1794 de
379 1756 457 1809 pron.
474 1756 502 1808 p.
520 1742 596 1796 127b
616 1747 735 1814 Δωριεῖς
752 1736 818 1812 ύμέ·
842 1737 905 1811 (ἐμὲ
923 1783 951 1799 ..
968 1736 1033 1813 ύμέ’
1056 1736 1205 1815 Ἀνδρειόις
1223 1745 1257 1797 Σ.

211 1839 313 1879 nomen
323 1824 500 1881 Archonidas
517 1827 591 1895 apud
603 1827 710 1883 Siculos
727 1827 809 1882 nimis
821 1828 937 1897 vulgare
956 1844 1037 1897 quam
1055 1834 1087 1882 ut
1104 1843 1164 1881 eum
1176 1824 1298 1895 Bergkio
1312 1841 1383 1893 opus

128 1908 167 1963 sit
183 1908 392 1964 Herbitaeorum
410 1917 558 1981 tyrannum
576 1911 670 1976 (Diod.
687 1912 744 1967 XII
762 1916 787 1977 8)
805 1912 973 1982 intellegere.

541 2089 939 2186 'mmmmm

528 2240 696 2320 λιχνοτέρα
718 2246 778 2303 τᾶυ
801 2247 984 2322 πορφυρᾶν.

212 2352 318 2436 Athen.
334 2366 376 2422 III
394 2372 454 2424 89a
474 2347 693 2442 Ἀπολλόδωρος
719 2362 746 2426 θ’
770 2364 786 2427 ὁ
810 2363 957 2441 ’λθηναῖσς
981 2367 1013 2427 έν
1039 2378 1101 2442 τοῖς
1127 2373 1197 2441 Περὶ
1221 2363 1385 2438 Σώφρονος

129 2453 251 2522 προθεὶς
272 2446 307 2508 τὸ
326 2445 391 2522 ιλιχ.
414 2453 440 2508 τ.
463 2447 504 2510 τι.’
526 2457 610 2527 φησίν
633 2445 678 2512 ύτι
701 2458 843 2526 παροιμία
865 2453 943 2512 έστίν
965 2457 1013 2512 καί
1035 2454 1111 2526 λέγει
1134 2453 1256 2526 (λέγεται
1274 2453 1317 2518 1.),
1342 2444 1384 2516 ιύς

128 2535 182 2605 μέν
200 2555 288 2602 τινες,
309 2528 369 2594 άπὸ
392 2540 447 2595 τοῦ
466 2534 634 2612 βάμματος·
662 2529 696 2597 οὗ
714 2535 771 2612 γὰρ
789 2535 827 2598 άν
844 2536 1043 2613 προσψαύσηι,
1064 2536 1139 2597 έίκει
1155 2530 1207 2610 ἐφ’
1224 2530 1310 2595 ἑαυτὸ
1333 2539 1383 2592 καὶ

129 2623 466 2758 ζὲῖὲῐπαρατεθειμένοις
487 2620 603 2693 ἐμποιεῖ
622 2620 785 2699 χρώματοςι
802 2617 902 2697 αύγήν·
931 2622 1013 2682 άλλοι
1030 2618 1057 2681 θ’
1076 2619 1135 2683 άπὸ
1155 2627 1207 2681 τοῦ
1224 2621 1319 2692 ζάισυ.
1354 2638 1383 2675 v.

209 2744 215 2757 .
233 2709 274 2759 63.

583 2848 924 2953 mmmmm

492 2990 756 3067 καταπυγοτέραν
779 2985 808 3051 τ’
830 2984 1009 3067 ἀλφηστᾶν.

215 3113 319 3168 Athen.
331 3115 384 3170 VH
396 3114 444 3171 281
456 3116 492 3172 ef
508 3109 723 3189 Ἀπολλόδωρος
742 3111 758 3174 ὃ
778 3111 923 3190 Ἀθηναῖος
940 3116 972 3175 έν
990 3121 1041 3175 τῶι
1059 3119 1159 3189 τρίτωι
1174 3119 1246 3187 Περὶ
1259 3110 1383 3185 Σωφρο-

130 3219 180 3265 νος
202 3203 254 3257 τιῦι
272 3199 312 3265 είς
329 3196 397 3267 τούς
413 3195 563 3272 άνδρείους
582 3204 697 3271 Μίμους
715 3207 836 3275 προθείς
854 3198 888 3260 τὸ
907 3197 1024 3261 ζκαταπ.
1043 3195 1072 3260 τ’
1090 3195 1165 3271 άλφ.’
1184 3202 1270 3274 φησίν
1288 3193 1383 3270 (ἰχθῦς

129 3305 204 3352 τινες
231 3283 259 3342 οἳ
285 3278 443 3358 άλφησταί,
468 3281 504 3344 τὸ
529 3287 582 3357 μὲν
610 3278 682 3345 ύλον
706 3293 887 3358 κιρροειδεῖς,
914 3290 1142 3362 πορφυρίζοντες
1169 3287 1199 3344 δέ
1220 3281 1295 3344 κατά
1319 3305 1383 3342 τινα

128 3371 208 3443 μέρη.
243 3373 314 3441 φασί
337 3363 367 3424 δ’
386 3365 490 3438 αύτούς
508 3365 681 3429 ἁλίσκεσθαι
698 3369 800 3431 σύνδυο
822 3376 871 3429 καὶ
888 3374 1043 3444 φαίνεσθαι
1065 3368 1119 3430 τὸν
1140 3367 1242 3445 έτερυν
1265 3367 1312 3426 ἐπὶ
1329 3372 1382 3426 τωι

129 3453 230 3529 έτέρωι
246 3448 314 3513 κατ’
333 3449 424 3528 ούρύν
441 3451 594 3524 ἑπόμενον.
624 3451 685 3515 άπὸ
704 3462 757 3515 τοῦ
775 3449 917 3516 οὖνκατὰ
937 3454 989 3528 τὴν
1006 3453 1097 3529 πυγὴν
1114 3456 1242 3530 θατέρωι
1259 3450 1313 3512 τὸν
1324 3449 1383 3512 έτε-

130 3561 184 3612 ρσν
205 3533 380 3599 άκολουθεῖν
402 3545 462 3598 τῶν
483 3535 614 3613 άρχαίων
635 3542 710 3607 τινὲς
731 3538 799 3609 τοὺς
821 3537 956 3614 άκρατεῖς
976 3546 1214 3614 καῖκαταφερεῖς
1237 3530 1313 3597 ούτω
1330 3559 1381 3596 κα·

129 3620 248 3684 λούσιν’,
283 3626 347 3681 hino
364 3626 408 3680 Et.
426 3626 538 3696 genuin.
556 3618 709 3698 άλφησταί.
744 3627 779 3682 el.
796 3626 915 3700 Hesyoh.
933 3627 1014 3682 Phot.
1032 3623 1213 3698 καταπύγων.

114 3807 117 3811 ⁷
214 3726 247 3781 fr.
260 3732 301 3782 62.
314 3733 346 3782 63
364 3728 393 3781 in
411 3745 494 3783 unum
513 3729 643 3798 coniungi
661 3729 751 3784 voluit
766 3728 887 3795 Ahrene,
904 3727 1073 3800 λιχνοτέραν
1089 3727 1210 3784 smihens
1227 3725 1259 3780 fr.
1273 3729 1318 3791 623
1336 3724 1384 3779 ad·

129 3819 254 3867 vematur
271 3812 353 3867 etiam
370 3813 499 3868 amiculus
516 3814 602 3869 altero
620 3814 682 3870 loeo
700 3813 810 3868 additus
827 3815 913 3868 allero
931 3813 1056 3868 omissuo

582 4022 924 4122 mmmmm

529 4162 657 4242 κέστραι
678 4155 771 4238 βότιν
793 4155 980 4224 κάπτουσαι.

215 4288 320 4344 Athen.
336 4289 390 4345 VII
408 4290 509 4346 moed
534 4295 567 4348 Σ.
586 4285 615 4348 δ’
633 4291 665 4350 έν
682 4283 790 4363 Μίμοις
807 4284 948 4363 άνδρείοις
964 4284 1050 4362 βότιν
1071 4293 1155 4346 καλεῖ
1170 4308 1233 4345 τινα
1251 4283 1334 4357 ἰχθύν
1351 4282 1383 4341 ἐν

130 4370 244 4440 τούτοις
256 4370 387 4445 ικέστραι
398 4381 425 4447 β.
437 4368 473 4431 κ.’
490 4379 539 4432 καί
556 4375 668 4446 μήποτε
685 4373 813 4449 βοτάνην
831 4395 893 4432 τινα
911 4375 995 4446 λέγει.
1018 4373 1052 4429 of.
1064 4374 1101 4428 id.
1113 4390 1140 4442 p.
1153 4377 1202 4426 323
1212 4389 1236 4427 a.
1263 4369 1383 4442 Hesyoh.

129 4464 223 4534 βοτίς·
241 4457 370 4533 βόλτιον,
392 4461 440 4516 ubi
457 4459 648 4530 conligendum
666 4460 777 4514 videtur
793 4458 889 4532 βότις·
908 4456 1056 4532 βατάνιον.
