3150 5018
637 281 815 335 ΣΩΦΡΟΝΟΣ
833 280 931 335 Minoi
1348 279 1409 338 175

664 457 725 518 τοο
748 459 824 532 (137
841 456 896 532 Bo)

237 572 432 638 Euec1651,2
458 567 542 628 ἄλλοι
559 571 589 629 δέ
606 566 757 643 μισὴτην
779 565 949 643 βαρυτόνως
971 565 1047 642 πρὸς
1069 566 1221 644 διαστολὴν
1246 576 1296 642 τῆς
1315 563 1411 636 ὀξυτο-

152 658 301 731 νουμένης,
317 653 370 729 τὴν
387 653 487 727 κοινὴν
503 659 552 713 καλ
570 655 692 729 ραιδὶαν,
710 655 845 727 λέγοντες
861 658 910 711 καὶ
927 659 1029 726 χρῆσιν
1047 647 1132 725 αὐτῆς
1149 650 1221 713 εἶναι
1240 652 1319 727 παρὰ
1334 660 1411 728 Κρα-

153 746 234 802 τίνωι
256 745 306 800 καὶ
331 737 479 815 Σώφρονι.
520 742 555 798 de
577 747 690 797 accentu
712 758 740 794 v.
758 740 872 812 Trypho
894 740 967 809 apud
985 739 1118 796 Ammon.
1136 758 1163 810 p.
1181 742 1252 807 94V‚
1276 741 1353 796 cuius
1375 741 1412 795 ad

153 828 326 899 Sophronem
344 834 469 896 spectant
485 827 554 882 haec
569 826 656 883 verbe
673 822 725 899 τὴν
743 825 773 883 δὲ
790 820 934 896 διαφορὰν
951 829 1011 882 τῶν
1028 825 1246 898 σημαινομένων
1262 830 1311 884 καὶ
1329 821 1409 897 παρὰ

154 915 298 985 Δωριεῦσί
315 931 382 985 φησι
400 911 598 984 φυλάττεσθαι
614 915 663 969 καλ
681 905 753 981 παρ’
769 906 868 967 Ἰωσιν.

601 1105 661 1165 131
685 1103 737 1180 (21
754 1099 830 1164 Ahr.
854 1105 893 1165 67
909 1104 966 1181 Bo)

240 1217 391 1273 Herodian.
410 1218 474 1274 dioc
492 1218 564 1274 solit
582 1235 610 1287 p.
624 1223 664 1284 10,
677 1223 708 1272 32
729 1222 764 1275 Σ.
784 1238 816 1274 τε
834 1213 886 1284 τὴν
903 1214 1036 1289 κλητικὴν
1054 1213 1107 1289 ἔφη

599 1329 722 1390 Ποτιδᾶ
744 1329 964 1406 δραστοχαῖτα.

241 1440 345 1496 ποτίδα
367 1438 438 1493 trad.
459 1439 591 1494 incertum
616 1443 724 1497 Ποτιδᾶ
745 1455 780 1494 an
798 1442 935 1504 Ποτειδᾶ,
953 1456 981 1492 v.
1000 1439 1036 1493 ad
1053 1437 1208 1505 Epicharmi
1226 1437 1259 1491 ir.
1279 1443 1319 1493 81.
1354 1446 1412 1494 tum

156 1532 351 1596 πρασιοχαττα
363 1523 476 1578 Ahrene
493 1523 555 1578 coll.
568 1524 687 1596 Hesych.
704 1525 901 1595 φνιιιοχαλτην.
936 1530 1009 1579 τουτο
1026 1523 1152 1589 fortasse,
1170 1523 1193 1578 si
1211 1523 1246 1578 dc
1263 1524 1355 1580 colore
1372 1525 1414 1578 in-

155 1610 272 1678 tellegas
290 1614 321 1663 ut
338 1611 534 1680 κυανοχαίτης.
570 1609 662 1679 poesis
679 1610 762 1664 etiam
781 1617 966 1681 πρασοχαῑτα
985 1608 1046 1664 coll.
1064 1608 1182 1680 Hesych.
1201 1611 1300 1676 φῦκος.

671 1802 731 1861 132
755 1803 829 1876 (138
846 1801 901 1877 Bo)

243 1913 392 1970 Herodian.
410 1914 474 1970 dicu
492 1915 565 1970 solit
582 1919 691 1984 ρ.12,7
714 1915 889 1986 Τρέλλων·
915 1911 996 1985 παραὶ
1020 1911 1157 1985 Σώφρονι
1174 1909 1208 1970 τὸ
1230 1910 1332 1982 ὄνομα.

669 2109 730 2168 133
755 2107 830 2182 (139
845 2106 901 2182 Bo)

237 2219 387 2274 Herodian.
396 2219 460 2276 dict.
470 2220 542 2275 solit„
555 2235 582 2288 p.
590 2224 633 2286 32,
641 2225 674 2274 24
686 2218 820 2292 (τέκμωρ,
830 2211 916 2294 ὕδωρ,
928 2214 1028 2293 ἔλδωρ)
1041 2221 1151 2293 νλκωρ
1163 2215 1242 2293 παρὰ
1254 2215 1413 2291 Σώίφρονι)

156 2306 209 2359 τῶι
226 2299 421 2377 μιμογρώφωι.

591 2448 652 2506 134
676 2447 729 2522 (90
744 2444 820 2508 Ahr.
849 2449 909 2507 115
925 2446 981 2522 Bo)

242 2558 392 2613 Herodian.
410 2558 473 2613 dict.
492 2559 564 2614 solit„
582 2576 609 2628 p.
626 2565 674 2626 44,
688 2564 720 2614 22
740 2557 822 2627 (ἐσσί)
841 2555 857 2630 ἢ
876 2559 905 2616 δέ
920 2563 1022 2632 χρῆσις
1039 2559 1118 2632 παρὰ
1137 2569 1199 2626 τοῖς
1216 2569 1348 2632 ποιηταῖς
1365 2563 1413 2616 καὶ

160 2644 380 2715 Συρακουσίοις.
415 2641 458 2698 διὸ
477 2646 527 2699 καλ
546 2647 581 2700 Σ.
600 2646 670 2715 φησί

652 2745 764 2826 ὃδαῖός
786 2746 820 2829 γ’
843 2751 917 2815 ἐσσί.

245 2855 352 2933 ὃδαγός
368 2863 489 2919 Αλποαο.
524 2865 598 2933 apud
615 2863 745 2919 Photium
765 2859 862 2930 ὃδαῑος
878 2864 1004 2919 Mercurii
1027 2881 1180 2934 cognomen
1198 2871 1346 2930 correctum
1365 2865 1414 2919 du·

159 2946 224 3001 dum
241 2946 271 3000 in
290 2937 376 3014 ὅδιος,
394 2948 428 3003 ci.
446 2949 566 3022 Hesych.
584 2966 605 3003 e.
618 2966 646 3003 v.
664 2965 699 3003 an
717 2948 772 3003 fuit
789 2943 890 3016 ιέδαῑός
907 2943 937 3020 y'
955 2946 1037 3005 ἐσσλλ
1072 2949 1106 3003 cf.
1125 2949 1160 3003 ad
1176 2949 1280 3003 ir.137.

582 3142 669 3201 *135
694 3142 746 3217 (12
761 3138 837 3201 Ahr.
861 3142 922 3202 159
938 3139 993 3215 Βο)

548 3259 716 3340 λαόρέουτι
739 3261 772 3321 δέ
794 3264 845 3323 τοὶ
867 3266 1032 3340 μυκτῆρες.

245 3370 419 3452 Herodianus
436 3370 465 3425 in
484 3371 573 3426 Onam.
591 3372 649 3427 An.
668 3372 718 3428 Ox.
736 3373 750 3427 I
770 3377 872 3439 12314
892 3375 994 3440 (δείδω)
1018 3367 1098 3446 παρὰ
1119 3367 1153 3429 τὸ
1173 3375 1239 3430 δείω
1258 3369 1333 3432 κατὰ
1352 3379 1417 3432 πλε-

161 3449 294 3523 ονασμὸν
316 3459 451 3511 τοῦδ..
475 3460 523 3512 καὶ
546 3453 581 3514 τὸ
606 3457 685 3530 παρὰ
708 3463 761 3514 τῶι
787 3460 989 3532 Συρακονσίωι
1006 3452 1099 3530 ιλαδρ.
1117 3495 1150 3513 ..
1173 3452 1270 3528 μνκτ.’
1293 3455 1417 3531 ἔγκειται

160 3534 217 3612 γὰρ
236 3539 270 3596 τὸ
289 3543 325 3595 λᾱ
343 3543 370 3601 (λ
387 3540 448 3605 cod)
466 3537 635 3599 ἐπιτατικὸν
652 3547 704 3600 τῶι
725 3542 805 3615 (pelo
823 3544 884 3608 cod)
904 3542 1001 3618 ῥέοντι
1019 3538 1082 3600 ώντὶ
1100 3548 1153 3601 τοῦ
1163 3541 1295 3614 μεγάλως
1312 3542 1416 3615 ῥέοντι.

160 3624 205 3681 Et.
223 3641 287 3694 gen.
306 3625 359 3689 (Et.
371 3624 406 3679 M.
420 3629 478 3690 554,
491 3629 533 3691 33)
553 3626 701 3702 λαδρέοντι
720 3624 799 3700 παρὰ
819 3625 854 3685 τὸ
873 3633 909 3685 λᾶ
927 3622 1029 3686 καὶτὸ
1051 3627 1109 3701 pio
1127 3628 1269 3701 λαρὲοντι,
1285 3627 1417 3700 μεγάλως

161 3709 267 3781 ῥέοντι,
285 3714 470 3779 πλεονασμῶι
487 3714 540 3768 τοῦ
558 3715 582 3767 δ.

248 3793 384 3863 Sophroni
407 3793 504 3849 tribuit
527 3795 648 3851 Ahrens.
687 3798 846 3854 Herodiano
873 3798 982 3853 credere
1006 3798 1120 3854 difficile
1144 3807 1199 3866 est,
1226 3799 1417 3871 πλαδαρέοντι

162 3880 233 3935 coni.
245 3879 439 3935 Wilamowitz.

674 4009 734 4067 136
759 4006 833 4081 (140
851 4006 906 4082 no)

248 4114 368 4187 Hesych.
381 4109 472 4187 α’γροῦ
490 4112 564 4189 πυγή
581 4114 741 4191 (α’γροπηγή
755 4120 830 4184 ood)·
848 4122 990 4192 παροιμία
1004 4160 1029 4176 ..
1043 4114 1059 4176 ὃ
1073 4120 1102 4177 δέ
1115 4123 1149 4176 Σ.
1162 4118 1197 4176 τοὶ
1213 4124 1332 4176 πλεῖστα
1346 4118 1420 4186 (fort.

162 4194 197 4257 τὰ
211 4195 348 4265 πιότατα)
366 4199 446 4271 μέρη,
464 4207 667 4274 μεταφορικῶς
685 4198 744 4261 άπὸ
759 4208 818 4259 τῶν
832 4198 942 4276 ὀρνέων
954 4204 1036 4274 (μετὰ
1050 4209 1108 4260 τῶν
1121 4198 1200 4277 σ’ρῶν
1212 4205 1277 4259 cod:
1295 4204 1330 4259 cf.
1342 4205 1420 4275 App.

161 4300 242 4353 prov.
259 4285 319 4350 14,
338 4284 386 4340 ubi
403 4284 514 4339 additur
529 4285 725 4355 μαλακώτατα
743 4283 800 4360 γὰρ
818 4283 853 4345 τὰ
872 4288 948 4361 πρὸς
966 4293 1010 4359 τῆι
1028 4294 1112 4361 πνγῆι
1129 4294 1189 4347 τῶν
1207 4282 1337 4363 ὀρνέων).
1372 4296 1420 4347 καὶ

163 4364 198 4426 τὰ
222 4365 346 4441 πιότερα
371 4372 424 4426 τοῦ
447 4363 539 4441 ώγροῦ
565 4375 614 4427 καὶ
638 4368 833 4440 ζάπλουτοι
859 4365 972 4445 α’γροῦ
998 4375 1106 4444 πνγαέ
1133 4375 1231 4444 (πηγαί
1248 4374 1319 4440 cod).
1353 4375 1423 4430 hacc

161 4454 227 4510 licet
242 4453 354 4510 turbata
371 4453 439 4521 sint,
460 4461 552 4510 tamen
571 4455 722 4524 Sophronis
740 4457 826 4512 verba
843 4464 915 4513 recte
932 4458 1000 4512 mihi
1018 4458 1116 4514 videor
1133 4458 1299 4515 distinxisse.
