3150 5018
628 265 675 314 DE
692 264 872 315 cononum
889 262 1028 314 GRAECA

226 549 229 555 .
330 491 357 551 2.
393 481 483 547 ΤΟΥ
504 480 648 547 ΑΥΤΟΥ
669 479 770 546 ΠΕΡΙ
791 480 1006 547 ΔΙΑΦΟΡΑΣ
1028 482 1332 548 ΧΑΡΑΚΤΗΡΩΝ.

292 644 337 704 14.
369 647 529 719 Κρατῖνος
557 635 576 703 ὃ
604 645 661 720 τῆς
682 646 821 716 παλαιᾶς
848 643 1030 719 κωμωιδίας
1058 637 1207 722 ποιητής,
1236 637 1291 706 άτε
1315 637 1351 722 δή
1374 639 1458 706 κατὰ

203 737 261 818 τὰς
283 737 465 822 Ἀρχιλόχου
488 735 655 821 ζηλώσεις,
678 736 837 823 αὐστηρὸς
859 745 919 818 μὲν
935 756 1006 819 ταῖς
1019 747 1196 825 λοιδορίαις
1211 743 1314 807 ἐστίν·
1338 741 1379 807 ου’
1394 766 1457 825 χαρ

203 839 310 925 ῶσπερ
338 839 568 925 Ἀριστοφάνης
597 843 770 924 ἐπιτρέχειν
797 839 856 924 τήν
883 841 976 927 χάριν
1004 858 1073 922 τοῖς
1096 840 1262 922 σκώμμασι
1285 858 1385 925 ποιεῖ,
1415 842 1457 910 τὸ
1466 857 1499 905 75

204 941 363 1026 φορτικὸν
384 953 440 1027 τῆς
462 941 668 1026 ἐπιτιμήσεως
690 940 882 1028 διὰταύτης
903 943 1060 1029 άναιρῶν,
1082 944 1154 1010 ἄλλ’
1170 943 1283 1023 ἁπλῶς
1300 943 1382 1013 κατὰ
1396 943 1457 1029 τήν

204 1053 380 1130 παροιμίαν
401 1053 518 1129 χυμνῆι
537 1053 589 1128 τήι
602 1054 737 1128 κεφαλῆι
758 1052 865 1129 τίθησι
881 1043 938 1125 τάς
951 1054 1156 1130 βλασφημίας
1176 1045 1259 1113 κατά
1273 1046 1458 1132 τῶνάμαρ-
1528 1102 1531 1107 .

203 1145 383 1229 ταυόντων,
412 1144 515 1225 πολὺς
544 1151 577 1213 δέ
607 1154 661 1213 καί
688 1145 760 1230 (ἐν)
786 1163 857 1225 ταῖς
884 1164 1020 1231 τροπαῖς
1047 1146 1206 1231 τυγχάνει.
1250 1148 1401 1232 εὔστοχος
1424 1155 1457 1215 δέ

203 1248 251 1314 ὢν
280 1251 315 1314 ἐν
342 1264 413 1327 ταῖς
441 1251 606 1328 ἐπιβολαῖς
632 1256 700 1315 τῶν
728 1247 901 1332 δραμάτων
928 1255 982 1314 καί
1009 1255 1204 1333 διασκευαῖς,
1233 1253 1300 1318 εἶτα
1329 1276 1457 1334 προιων

202 1357 256 1416 καί
289 1356 434 1416 διασπῶν
466 1349 524 1428 τὰς
554 1348 726 1429 ὑποδέσεις
758 1349 819 1417 οόκ
853 1349 1047 1430 α’κολοόθως
1079 1362 1201 1436 πληροῖ
1229 1351 1269 1418 τὰ
1299 1350 1499 1437 δράματα.8ί)

135 1456 138 1462 ’
207 1460 256 1516 15.
283 1452 428 1530 Εὔπολις
450 1456 483 1517 δέ
505 1449 727 1531 εόφάνταστος
747 1457 806 1530 μέν
829 1457 872 1530 είς
893 1452 1079 1537 ὑπερβολήν
1106 1457 1172 1520 ἐστι
1193 1452 1275 1520 κατὰ
1296 1453 1354 1533 τάς
1373 1452 1457 1521 ὑπο-

136 1595 140 1602 ·
203 1559 322 1634 θέσεις·
345 1553 403 1633 τὰς
417 1553 477 1637 γάρ
493 1552 664 1637 είσηχήσεις
685 1550 824 1635 μεγάλας
845 1564 913 1620 τῶν
929 1555 1102 1637 δραμάτων
1124 1570 1262 1622 ποιεῖται
1283 1563 1337 1622 καί
1353 1554 1455 1640 ἥνπερ

203 1660 238 1723 ἐν
260 1666 311 1741 τη”ι
333 1653 511 1740 παραβάσει
534 1662 715 1735 φαντασίαν
741 1664 889 1722 κινοῦσιν
918 1663 950 1723 oi
971 1665 1097 1738 λοιποί,
1126 1655 1247 1741 ταύτην
1270 1661 1391 1737 ἐκεῖνος
1420 1661 1455 1724 ἐν

201 1756 351 1842 <αάτοῖς>
379 1773 448 1849 τοῖς
474 1754 641 1841 δράμασιν,
671 1756 843 1839 α’ναγαγεῑν
872 1757 982 1837 ἱκανὸς
1010 1758 1058 1826 ῶν
1081 1762 1116 1839 ἐξ
1133 1757 1241 1827 ’Ἀιδου
1263 1769 1456 1838 νομοθετῶν

203 1858 362 1943 πρόσωπα
383 1867 437 1925 καί
460 1858 507 1924 δι’
527 1857 637 1925 ου’τῶν
659 1856 883 1942 είσηχοάμενος
903 1860 923 1944 ή
945 1868 1017 1946 περί
1038 1866 1159 1939 δέσεως
1181 1859 1293 1939 νόμων
1316 1859 1334 1943 ή
1356 1875 1498 1926 κατα-85

202 1960 335 2040 λόσεῶς.
380 1959 488 2044 ῶσπερ
504 1964 537 2027 δέ
560 1963 646 2027 ἐστιν
661 1959 787 2044 ὑψηλὸς
809 1960 896 2029 οάτω
912 1970 966 2028 καί
981 1966 1123 2047 ἐπίχαρις
1143 1969 1196 2028 καί
1211 1970 1282 2046 περί
1297 1960 1336 2029 τά
1351 1961 1456 2040 σκόμ-

201 2088 286 2142 ματα
308 2071 382 2129 λίαν
404 2062 565 2144 εάστοχος.
615 2070 660 2131 16.
685 2061 704 2128 ὃ
727 2067 760 2129 δέ
783 2063 1010 2148 Ἀριστοφάνης
1031 2064 1090 2132 τὸν
1111 2069 1211 2144 μέσον
1232 2062 1366 2149 ἐλήλακε
1386 2074 1456 2131 τῶν

202 2164 333 2247 ἀνδρῶν
351 2175 553 2249 χαρακτῆρα·
590 2163 748 2249 οὔτεγὰρ
771 2164 886 2250 πικρὸς
906 2175 981 2233 λίαν
1009 2169 1095 2233 ἐστίν
1124 2163 1231 2249 ῶσπερ
1254 2165 1272 2232 ὃ
1294 2176 1456 2249 Κρατῖνος

203 2266 278 2334 οότε
297 2275 417 2351 χαρίεις
440 2265 547 2351 ὥσπερ
570 2266 589 2333 ὃ
611 2266 770 2348 Εὔπολις,
797 2266 871 2357 ’ἀλλ’
893 2271 953 2351 ἔχει
975 2276 1029 2335 καί
1051 2268 1133 2354 πρὸς
1154 2267 1231 2347 τοὺς
1254 2266 1455 2351 ἁμαρτάνον-

201 2396 259 2448 τας
290 2368 328 2436 τὸ
362 2369 507 2454 σφοδρόν
538 2379 599 2437 τοῦ
629 2373 792 2454 Κρατίνου
824 2377 878 2435 καί
910 2369 949 2436 τὸ
979 2382 1035 2455 τῆς
1067 2369 1291 2455 ἐπιτρεχοάσης
1319 2368 1495 2453 χάριτοςυυ

147 2542 150 2548 ,
200 2470 392 2552 Εὐπόλιδος.

732 2661 932 2670 -------

597 2897 641 2961 11.
657 2922 659 2927 ·
676 2892 776 2958 ΠΕΡΙ
796 2852 1047 2958 uolumini.

291 3071 314 3132 1.
344 3064 404 3150 Τήν
432 3071 619 3145 κωμωιδίαυ
648 3063 809 3149 ηὑρῆσθαί
838 3084 936 3147 φασιν
963 3063 1029 3131 ὑπὸ
1057 3074 1306 3150 Σουσαρίωνος·
1337 3066 1452 3150 τήνδε
1563 3074 1565 3080 '

202 3167 383 3246 ὀνομασίαν
406 3170 487 3250 ἐχειν
510 3172 543 3235 οἳ
562 3173 620 3247 μὲν
643 3165 694 3234 ότι
716 3174 788 3251 περί
809 3165 868 3245 τὰς
889 3163 999 3246 κιόμας
1021 3164 1197 3250 περιιόντες
1211 3165 1302 3252 ήιδου
1318 3176 1371 3234 καί
1386 3172 1453 3236 ἐπε-

203 3276 381 3352 δείκνυντο,
404 3268 499 3353 μήπω
522 3267 651 3336 πόλεων
673 3269 784 3337 ου’σῶν
806 3267 879 3335 ἀλλ’
901 3270 936 3333 ἐν
958 3266 1081 3347 κόμαις
1104 3269 1286 3337 οἰκούντων
1308 3282 1376 3338 τῶν
1398 3272 1453 3339 άν-

285 3542 341 3593 12.
369 3543 401 3593 73
419 3535 579 3607 κωμωιόίαε
594 3541 681 3593 om.G
762 3545 795 3594 74
815 3535 941 3606 ζηλώσειε
957 3542 992 3591 E:
1018 3542 1141 3606 ζητήσειε
1157 3543 1265 3606 reliqui,
1291 3545 1341 3593 άτε
1356 3538 1388 3607 δή
1407 3549 1452 3594 καί

201 3627 237 3676 τὰ
254 3621 404 3693 Ἀρχιλόχου
423 3620 543 3691 ζηλώσειε
559 3626 771 3677 Hemoterhueiue
846 3629 879 3678 76
896 3622 991 3677 ἁπλῶν
1007 3629 1053 3676 καί
1071 3629 1143 3677 κατὰ
1159 3628 1234 3677 EAld
1310 3632 1342 3680 78
1361 3632 1391 3679 ίν
1408 3630 1452 3678 ad·

200 3710 268 3774 didi,
288 3714 334 3776 τῆε
352 3715 455 3778 τροπῆς
471 3711 508 3769 Ἐς
525 3711 559 3761 ei.
576 3710 651 3762 Dion.
663 3712 697 3761 de
707 3711 773 3764 imit.
789 3727 816 3776 p.
828 3713 870 3774 21,
880 3714 912 3763 22
930 3712 976 3762 Ue.
994 3714 1010 3761 δ
1029 3707 1059 3760 δὲ
1076 3706 1228 3778 Εὐριπίδην
1245 3708 1328 3764 πολδε
1345 3717 1375 3765 ἐν
1394 3724 1454 3765 ταῖς

201 3798 357 3864 ῥητορικοῖς
373 3798 535 3864 είσαχιιχαῖε
607 3797 641 3848 84
660 3796 753 3846 advolo
768 3796 869 3858 addidi,
892 3811 927 3848 ευ.
945 3796 973 3844 in
990 3796 1078 3846 Demie
1095 3798 1185 3847 inbuit
1257 3801 1291 3850 86
1300 3813 1339 3861 eq.
1363 3801 1452 3864 σκώμ-
1514 3784 1517 3789 ⁴

200 3898 278 3946 ματα
294 3875 394 3932 λοιπδν
410 3881 445 3943 Ε,
473 3882 616 3945 οκίμματα
632 3875 693 3931 λίαν
710 3880 809 3931 FGAld
894 3884 926 3933 91
945 3882 1006 3932 iort.
1023 3879 1109 3950 (τοῦ)
1127 3877 1288 3933 Εδπδλιδοε.

284 4001 320 4050 Π.
338 4000 581 4051 commentariolum
597 3999 646 4049 hoe
663 3999 733 4049 hnud
750 4000 829 4051 dubie
847 4017 880 4051 ex
897 4001 1039 4052 litterariae
1056 4002 1177 4053 historiae
1195 4003 1345 4066 compendio
1357 3995 1451 4065 eliqu'o,

200 4085 256 4135 sive
268 4086 354 4134 Prooli
365 4085 393 4134 id
405 4085 456 4134 fuit
467 4084 522 4135 sive
534 4084 617 4134 simile
629 4084 716 4147 uliud,
734 4091 886 4150 excerptum
897 4088 1012 4137 servavit
1023 4093 1125 4150 praeter
1135 4087 1258 4138 Aldinam
1269 4087 1450 4151 Aristophanis

200 4169 338 4219 editionem
360 4170 429 4219 solue
447 4169 528 4219 oodex
545 4169 659 4219 Eeteneis
672 4170 724 4232 (n).
758 4172 902 4236 eompureri
918 4177 1025 4236 possunt
1049 4173 1206 4237 scriptorum
1222 4171 1343 4223 laterculi
1360 4159 1449 4222 coisli-

200 4254 293 4303 nianus
309 4259 336 4304 et
354 4253 517 4316 Bodleiunue,
540 4268 605 4317 quos
622 4254 681 4304 aliis
697 4257 842 4307 eoouretiue
858 4272 942 4321 nuper
959 4257 1041 4307 edidit
1058 4257 1227 4307 OKroehnert
1243 4257 1271 4306 in
1288 4257 1389 4306 dissert.
1407 4257 1450 4306 oui

199 4337 351 4402 inscriptum
368 4344 407 4389 est
427 4335 584 4390 ‘cunoneme
600 4344 736 4404 poetarum
753 4341 908 4405 eei-iptorum
925 4341 1051 4392 artificum
1069 4358 1117 4406 per
1134 4342 1312 4405 antiquitatem
1328 4343 1449 4391 fuerunt'

201 4422 300 4485 Regim.
318 4425 384 4476 1897
402 4439 428 4487 p.
442 4426 523 4486 dsqq.
725 4426 741 4477 2
759 4428 822 4493 περί
839 4426 945 4490 scripsi:
972 4428 1017 4476 ίπί
1035 4423 1039 4433 ’
