3150 5018
136 185 179 242 24
480 262 484 269 ῃ
568 187 616 238 υτ
633 188 812 240 cononum
830 189 969 240 σκευαί.

138 365 251 437 λογος,
286 355 359 422 άντί
388 361 421 424 δὲ
448 365 589 441 στροφῆς
611 364 665 423 καί
687 356 907 442 ἀντιστρόφου
930 355 1009 442 ωἰδίγ
1030 363 1083 422 καί
1107 348 1247 438 ἇντωιδὴ
1271 352 1291 438 ἢ
1316 357 1410 438 ἐκίρ-
1436 418 1441 426 .

139 483 225 540 ρημα
257 463 312 522 καί
345 457 574 541 α’ντεπίρρημα,
607 457 679 524 άντί
709 465 741 525 δὲ
772 457 887 540 ἐξόδου
915 456 993 542 ωἰδίη
1021 465 1077 525 καὶ
1111 460 1195 542 ῥῆμα
1228 454 1408 541 ἐξιτὴριου.

138 567 240 624 ταῦτα
267 562 327 638 μὲν
354 556 394 625 τὰ
424 563 560 642 τέσσαρα
587 564 666 644 μέρη
695 559 856 644 πρακτικὰ
882 568 937 627 καί
958 558 1073 642 λογικά
1094 561 1162 625 τῶν
1184 565 1398 642 δραματικῶν

139 659 329 743 ποιημάτων
352 660 499 746 ὑπῆρχεν.
547 667 595 730 33.
620 671 688 728 τῶν
710 669 743 729 δὲ
765 672 910 746 λυρικῶν
932 659 1191 747 συγγραμμάτων
1212 667 1286 743 τρία
1307 655 1398 744 ἦσαν
1411 672 1457 721 130

34 759 40 768 ’
139 760 180 829 τά
213 766 304 846 μέρη,
338 761 473 846 στροφή,
507 763 725 849 ἀντίστροφος
760 771 813 831 καί
847 768 958 846 ἔξοδος
988 764 1008 849 ἢ
1042 766 1200 844 ἰξίλευσις
1230 759 1410 846 πρακτικά.

141 862 257 945 λογικά
279 870 312 931 δὲ
335 861 422 947 ωἰδη,
446 863 586 949 α’ντωιδὴ
608 873 662 932 καί
684 864 839 945 ἐπωιδός·
861 865 881 952 ἡ
905 863 966 935 οὖν
989 864 1130 948 άντωιδη
1152 872 1204 948 τῆι
1227 864 1319 948 ωἰδῆι
1339 870 1412 929 ἰσα-

144 973 282 1046 ρίθμους
310 967 370 1046 ἔχει
399 963 478 1045 τοὺς
500 974 639 1049 στίχους,
671 975 725 1034 καί
747 985 817 1048 τοῖς
840 968 953 1048 αὐτοῖς
973 973 1102 1052 μέτροις
1124 969 1256 1049 ἑκατέρα
1275 975 1407 1049 χρῆται.

128 1066 163 1131 ’δ
186 1072 219 1133 δὲ
242 1067 378 1147 ἰπωιδὸς
400 1065 541 1152 διάφορα
563 1072 696 1136 ἐκείνων
718 1073 778 1153 ἔχει
810 1077 864 1136 καί
893 1080 953 1136 τῶι
984 1069 1125 1154 άριθμῶι
1154 1075 1208 1134 καὶ
1233 1076 1285 1151 τῆι
1311 1065 1412 1135 κοιό·

144 1184 231 1251 τητι·
264 1174 293 1235 εἰ
319 1173 351 1235 δί
379 1195 445 1236 που
467 1178 527 1236 τῶι
549 1171 691 1256 ἄριθμῶι
714 1169 822 1254 ἰσάζει,
851 1181 901 1255 τῆι
930 1197 964 1253 γε
985 1170 1050 1256 μὴν
1071 1168 1219 1254 ποιότητι
1242 1169 1407 1248 οὐδαμοῦ.
1423 1181 1469 1232 135

148 1276 196 1334 39.
227 1273 426 1352 ἐφθέγγοντο
455 1277 488 1339 δὲ
516 1280 570 1338 καί
599 1278 630 1340 οἰ
659 1281 788 1357 λυρικοί
818 1271 900 1357 πρὸς
928 1270 1062 1357 ἑκάτερα
1093 1277 1172 1356 μέρη
1206 1281 1266 1339 τοῦ
1299 1269 1412 1355 δήμου

148 1371 290 1457 δρῶντες
312 1381 446 1456 πρῶτον
467 1379 527 1452 μὲν
541 1373 600 1458 την
616 1373 725 1458 ωἰδήν,
749 1377 816 1442 ελτα
839 1374 898 1459 την
921 1373 1093 1458 άντωιδήν,
1117 1377 1168 1440 ἰπὶ
1191 1379 1224 1439 δὲ
1242 1381 1303 1438 τῶι
1322 1377 1413 1440 τέλει

148 1473 208 1540 τὸν
230 1471 370 1541 ἰπωιδὸν
391 1473 495 1558 ἤγουν
517 1474 715 1561 δστερωιδήν
736 1503 770 1544 τε
792 1485 846 1544 καί
869 1481 1031 1559 ἐπίλογον,
1067 1482 1111 1555 εἰς
1140 1473 1234 1558 εόχάς
1255 1473 1294 1540 τὸ
1318 1485 1414 1541 πλεῖ-

148 1595 226 1643 στον
249 1575 360 1642 αὐτῶν
383 1586 627 1660 περικλείοντες.
651 1587 826 1663 προοίμιον
849 1585 881 1645 δὲ
903 1576 1033 1656 τούτοις
1056 1578 1117 1645 οὐκ
1139 1574 1180 1661 ἢν
1199 1576 1244 1655 ὡς
1259 1579 1415 1659 ἐκείνοις,

148 1677 198 1744 δτι
228 1675 292 1757 ἅμα
320 1687 380 1744 τῶι
409 1678 562 1745 εἰσελθεῖν
591 1685 635 1759 εἰς
664 1679 702 1746 τὸ
730 1685 872 1765 θέατρον
899 1680 980 1765 πρὸς
1001 1679 1060 1746 τὸν
1083 1686 1185 1764 δῆμον
1208 1683 1412 1763 στραφέντες
1425 1692 1470 1741 140

149 1779 214 1861 ἅμα
235 1781 274 1848 τὸ
297 1779 379 1846 αὐτὸ
402 1782 513 1863 ἔλεγον
535 1789 589 1847 καί
612 1780 757 1866 στροφὴν
779 1790 833 1849 καί
855 1792 1039 1867 προοίμιον.

747 2040 777 2098 Μ
790 2058 809 2099 α

311 2175 432 2251 Βίβλος
454 2171 703 2256 Ἀριστοφάνους
730 2165 863 2255 Τζὲτζην
885 2171 1045 2255 φορίουσ’
1066 2168 1247 2255 ὑποφήτην.

23 2339 124 2396 mm
236 2327 251 2387 I
276 2332 300 2393 1.
329 2324 529 2409 Ἀλέξανδρος
552 2325 570 2392 ὃ
593 2324 741 2405 Αἰτωλὸς
769 2333 823 2391 καί
844 2322 1030 2408 Λυκόφρων
1059 2323 1077 2391 ὃ
1100 2321 1286 2406 Χαλκιδεύς,
1313 2351 1415 2407 μεγα·

152 2433 325 2511 λοδωρίαις
346 2435 527 2507 βασιλικαῖς
548 2432 787 2511 προτραπέντες
807 2435 1010 2506 Πτολεμαίωι
1039 2435 1099 2492 τῶι
1125 2431 1328 2514 Φιλαδέλφωι
1344 2425 1414 2507 4τόις

153 2528 304 2613 σκηνικάς
334 2521 567 2614 διωρθώσαντο
595 2538 741 2611 βίβλους,
774 2528 832 2609 τὰς
857 2538 914 2614 τῆς
935 2535 1118 2607 κωμωιδίας
1139 2536 1193 2594 καί
1214 2535 1415 2612 τραγωιδίας

83 2675 85 2681 -
153 2639 206 2697 καί
228 2630 286 2711 τὰς
307 2640 375 2698 τῶν
398 2630 549 2731 σατύρων
571 2639 661 2715 φημί,
691 2630 920 2715 συμπαρόντος
951 2631 1139 2710 αὐτοῖςκαὶ
1162 2637 1414 2712 συνανορθοῦν·

240 2873 289 2925 127
299 2887 337 2935 sq.
361 2874 407 2922 καί
431 2872 495 2922 ἀντί
519 2875 567 2936 τηέ·
592 2877 712 2940 στροφῆε
734 2875 780 2922 καί
804 2876 851 2936 τῆς
868 2872 1055 2938 ἀντιστρόφου
1073 2865 1151 2937 λόγια
1174 2869 1237 2928 (κᾶν
1256 2862 1342 2918 ὠιδιίε
1365 2873 1414 2918 καί

156 2951 294 3009 ἀντωιδιὶε
311 2958 327 3021 ἢ
346 2957 520 3024 ἰπιρρήματα
538 2960 584 3007 καί
602 2957 829 3024 ἀντεπιρρήματα
847 2957 948 3020 εἰποιε,
967 2957 999 3006 οὐ
1013 2949 1200 3019 διαμάγομαι),
1218 2956 1263 3003 καί
1279 2954 1296 3017 ἡ
1314 2948 1414 3011 ἔξοδον

154 3044 171 3107 η
191 3037 260 3107 ῶιδή
284 3045 330 3093 καί
355 3043 387 3091 τὸ
409 3044 482 3111 (λῆμα
506 3047 557 3092 τοῦ
573 3036 712 3109 δράματοε
730 3042 762 3092 τδ
780 3036 974 3103 δπιτελεδτιον,
998 3040 1015 3088 δ
1039 3042 1068 3090 ol
1084 3036 1206 3104 αἰθέριοι
1228 3041 1273 3088 καί
1294 3038 1411 3105 οὐρανο-

154 3128 276 3194 βιίμονεε
292 3122 419 3177 λαλοῦσιν
437 3129 529 3194 ῶσπερ
547 3122 675 3179 λαλοῦσιν
691 3120 747 3176 κτλ.
764 3126 815 3176 Mb
832 3125 927 3188 partim
939 3129 1062 3188 corrupta
1126 3125 1174 3175 132
1185 3138 1240 3186 sqq.
1258 3125 1413 3190 στροφιιιδν

156 3216 201 3263 καί
226 3212 442 3279 ἀντιστροφικδν
463 3206 554 3280 λόγια,
578 3202 709 3278 ἑκάτερον
726 3207 1041 3278 ἑκατέρωιίσαρίθμουε
1058 3208 1121 3274 ἔχον
1140 3211 1203 3258 τοδε
1220 3211 1341 3272 στίγουε,
1364 3211 1412 3258 καὶ

154 3300 267 3364 μέτρων
285 3290 315 3346 δὲ
334 3302 392 3347 τῶν
410 3297 511 3347 αὐτῶν.
541 3297 616 3364 ,πρδε
641 3304 698 3345 τοτε
721 3304 879 3363 στροφικοτε
901 3288 931 3344 δί
953 3297 999 3344 καί
1016 3295 1240 3360 ἀντιστροφικοίε
1262 3295 1358 3359 τρίτον
1377 3291 1413 3356 ῆν

156 3384 239 3449 μίροε
257 3382 289 3431 τδ
307 3375 459 3431 ἰσιωιδικδν
476 3375 577 3448 λόγιον,
604 3382 760 3445 ὁμωνύμως
775 3383 822 3429 καὶ
840 3385 927 3429 ταῦτα
944 3374 1075 3447 λεγόμενα
1094 3388 1152 3428 τοτε
1168 3375 1278 3427 ἑαυτῶν
1296 3392 1412 3443 πρακτι-

157 3475 216 3517 κοτε
238 3469 283 3530 τῆι
307 3482 337 3516 τι
361 3470 479 3534 στροφῆι
499 3469 545 3516 καί
569 3467 759 3534 ἀντιστρόφωι
781 3467 827 3514 καί
852 3458 979 3514 ίπωιδῶι
1000 3463 1063 3522 ἰίτοι
1084 3457 1185 3522 ἰξόδωι
1210 3464 1256 3512 καί
1280 3455 1414 3519 ἰξελεδσει

159 3553 205 3602 καὶ
223 3545 361 3619 ἰπιλόγωι.
395 3553 441 3600 και·
462 3553 514 3619 γὰρ
538 3553 584 3600 καί
602 3553 629 3600 ολ
646 3544 749 3618 λυρικοί
771 3550 840 3616 πρδε
863 3550 993 3616 ἑκάτερον
1012 3550 1095 3615 μίροε
1117 3552 1168 3597 τοῦ
1185 3541 1274 3611 δήμου
1291 3545 1414 3612 δρῶντες

47 3666 49 3670 »
159 3634 335 3705 ἐφθέγγοντο
363 3636 397 3684 τὰ
424 3635 580 3701 ποιήματα,
609 3638 656 3685 καί
683 3630 751 3686 τίλιι
779 3639 830 3685 τοῦ
855 3629 993 3701 δράματοε
1019 3627 1164 3698 μίλλοντεε
1189 3628 1331 3682 παίεσθαι
1361 3632 1414 3698 τόν

159 3715 283 3773 ἰπωιδδν
305 3718 516 3788 ἰπεφθίγγοντο
538 3721 600 3785 ἤτοι
625 3721 676 3783 την
692 3719 810 3786 δστίραν
833 3712 921 3783 ῶιδην
940 3735 970 3767 τε
990 3721 1036 3767 καί
1055 3719 1105 3769 τὸν
1124 3711 1261 3784 ίτιίλογον,
1280 3717 1317 3763 εἰε
1334 3715 1415 3779 ι’δγὰε

158 3801 215 3856 κτλ.
231 3805 282 3855 Mb
352 3806 401 3856 133
421 3808 483 3855 τοδε
498 3805 531 3868 V,
550 3805 645 3855 om.P:
670 3822 700 3854 τε
716 3805 744 3854 M
814 3806 863 3855 133
881 3796 1055 3870 ὑστερεωδήν
1071 3802 1129 3865 ΜΡ,
1151 3799 1246 3852 rectius
1263 3798 1414 3849 ωιλδοτί-
1485 3871 1489 3877 .

158 3908 211 3958 ραν
229 3884 317 3955 ὠιδην
333 3889 385 3939 Mb

243 4010 271 4060 M
281 4009 322 4059 ab
340 4009 391 4058 duo
403 4009 467 4058 haec
478 4008 608 4071 prooemia
625 4006 739 4058 servavit
756 4007 837 4057 codex
849 4006 1034 4056 Ambrosianus
1047 4007 1066 4056 C
1079 4006 1128 4056 222
1146 4005 1201 4054 ord.
1213 4003 1260 4053 ini.
1273 4004 1325 4066 (Δ),
1344 4003 1416 4054 unde
1487 4036 1490 4041 -

159 4094 240 4162 edidit
253 4094 342 4144 HKeil
353 4094 421 4144 Mus.
430 4093 513 4144 Bhen.
522 4093 561 4143 VI
573 4093 662 4158 (1343)
674 4109 700 4156 p.
711 4095 759 4145 133
770 4107 826 4155 sqq.
843 4091 999 4154 iteravitque
1015 4091 1044 4140 in
1061 4090 1198 4140 Ritschelii
1215 4089 1310 4152 Opusc.
1322 4088 1336 4135 I
1349 4090 1416 4148 1993

160 4181 254 4229 melius
271 4179 399 4243 descripta
417 4179 520 4243 repetiit
537 4177 648 4228 EMiller
664 4179 752 4228 Ioum.
771 4178 816 4227 des
834 4177 944 4227 Savants
962 4178 1029 4228 1370
1046 4191 1072 4238 p.
1086 4177 1148 4237 169,
1175 4175 1208 4224 αδ
1226 4173 1320 4223 υοδίαἰι
1336 4173 1415 4222 fidem

161 4265 273 4314 oorrexit
290 4264 486 4315 WStudemund
502 4263 599 4314 Aneod.
618 4277 672 4313 var.
690 4264 704 4312 Ι
722 4264 780 4326 231,
798 4262 949 4313 emendabat
965 4261 1083 4311 ANauek
1100 4260 1133 4309 ad
1150 4259 1213 4309 Lex.
1225 4258 1304 4307 vind.
1316 4273 1342 4320 p.
1355 4259 1415 4310 237.

244 4350 257 4399 I
282 4350 314 4398 α1.
332 4349 381 4398 Pb
399 4350 467 4412 519.
493 4348 548 4398 Mb
564 4346 608 4413 §8
696 4348 747 4398 21.
759 4363 781 4396 e.
798 4349 854 4398 δπδ
871 4340 1046 4400 Πτολεμαίου
