3150 5018
758 270 911 320 ΤΖΕΤΖΔΕ
1424 266 1464 324 29

210 447 338 517 μᾶλλον
365 446 393 505 εἰ
419 453 535 519 σοφοῖς
557 437 668 520 λόγοις
690 437 772 522 αότίγ
795 441 905 521 έαυτῆι
928 437 1160 517 ἀντιβαίνουσα
1183 444 1307 518 γίνοιτο
1330 436 1443 517 ότέ-μέ

210 542 326 625 ἀρνίον
347 541 401 608 ὁτὲ
423 547 455 607 δέ
478 548 621 624 τραγίον,
652 539 705 606 ὃτέ
728 546 761 607 δέ
784 537 970 622 κόνδουρον
993 537 1183 623 ἀειδούριον.
1229 546 1283 605 καί
1306 539 1343 623 δὴ
1364 566 1465 624 κριτι-

158 657 201 706 140
211 642 371 723 κωτάταις
402 643 565 726 ἀκροᾶσθε
597 632 667 721 ταῖς
696 643 818 721 ἀκοαῖς.
867 646 916 708 20.
948 638 1097 724 δχορός,
1131 649 1239 723 φασίν,
1273 638 1293 706 ὃ
1321 639 1464 720 κωμικὸς

209 745 349 830 εἰσήγετο
370 755 421 829 τῆι
444 740 627 829 όρχήστραι,
660 743 700 829 ἣν
729 752 783 810 καί
804 754 934 825 λογεῖον
956 752 1128 825 καλοῦμεν,
1161 749 1216 808 καὶ
1239 740 1464 824 διαλεγόμενος

132 897 135 902 -
207 854 266 929 μέν
287 864 357 925 τοῖς
379 847 571 930 ὑποκριταῖς
590 852 720 932 μέτροις
741 849 863 929 ἑτέροις
886 842 968 928 πρὸς
988 843 1048 928 τὴν
1064 842 1184 928 σκηνὴν
1207 842 1292 929 έῶρα
1307 853 1364 927 τῆς
1378 869 1463 924 κωμ-
1537 891 1539 895 ψ

209 957 336 1029 ωιδίας·
369 946 583 1015 ἀπελθόντων
613 955 645 1016 δέ
674 957 742 1025 τῶν
770 946 959 1031 ὑποκριτῶν
988 944 1071 1030 πρὸς
1097 944 1157 1012 τὸν
1186 952 1287 1030 δῆμον
1308 945 1398 1030 δρῶν
1428 951 1463 1013 ἐκ

207 1056 430 1136 τετραμέτρων
452 1049 493 1131 ις’
515 1058 644 1132 στίχους
666 1051 891 1128 ἀναπαίστους
913 1051 1095 1130 ἐφθέγγετο,
1118 1055 1173 1113 καί
1194 1056 1294 1115 τοῦτο
1317 1052 1462 1117 ἐκαλεῖτο
1560 1045 1561 1048 “

156 1168 200 1217 145
211 1151 353 1237 στροφή·
386 1154 454 1218 εἶτα
482 1155 612 1236 ἑτέρους
641 1156 809 1219 ἑκκαίδεκα
831 1148 1005 1230 τοιούτους
1027 1153 1209 1232 ἐφθέγγετο,
1242 1157 1296 1214 καί
1318 1153 1462 1217 ἐκαλεῖτο

207 1263 307 1322 τοῦτο
330 1254 554 1338 ἀντίστροφος.
594 1252 675 1337 άπερ
698 1251 870 1336 ἀμφότερα
896 1257 928 1319 οἰ
950 1261 1083 1320 παλαιοί
1105 1256 1262 1336 ἐπίρρημα
1284 1254 1403 1333 ἐλεγον.
1442 1251 1461 1336 ἢ

208 1355 267 1440 ὅλη
297 1362 330 1423 δέ
358 1355 503 1440 πάροδος
523 1364 585 1424 τοῦ
603 1366 710 1440 χοροῦ
734 1364 877 1421 καλεῖται
901 1351 1088 1439 παράβασις.
1137 1360 1185 1420 21.
1211 1353 1253 1419 ἂν
1275 1351 1337 1419 οὖν
1360 1353 1405 1432 ὡς
1428 1356 1462 1420 ἐκ

208 1456 334 1537 πόλεως
356 1457 477 1541 ἐβάδιζε
500 1457 582 1543 πρὸς
603 1457 642 1524 τὸ
664 1462 819 1542 θέατρον,
843 1455 894 1523 διά
916 1466 973 1540 τῆς
995 1457 1163 1541 ἀριστερᾶς
1186 1453 1303 1536 ἁψῖδος
1318 1454 1461 1537 ἐ’βαινεν·

208 1566 236 1626 εἰ
256 1566 276 1626 δ
284 1559 292 1582 ³
315 1558 360 1639 ῶς
382 1559 444 1626 ἀπ’
466 1560 583 1645 ἀγροῦ,
602 1558 669 1633 ,διὰ
696 1568 754 1642 τῆς
782 1563 886 1638 δεξιᾶς
914 1561 950 1625 ἐν
977 1564 1245 1642 τετραγωνίζοντι
1273 1568 1333 1624 τοῦ
1357 1568 1463 1642 χοροῦ
1520 1639 1523 1646 ¹

157 1660 325 1742 15υτύπωι,
348 1660 431 1746 πρὸς
451 1661 576 1741 μόνους
597 1660 688 1746 ὁρῶν
710 1658 788 1739 τοὺς
809 1659 1006 1747 ύποκριτάςζ
1028 1655 1076 1725 ῶν
1099 1658 1302 1741 ἐξελθόντων
1324 1660 1343 1725 ὸ
1362 1658 1462 1743 χορὸς

206 1762 336 1843 έπτάκις
373 1762 590 1849 στρεφόμενος
626 1760 709 1846 πρὸς
746 1759 914 1845 ἀμφότερα
949 1760 989 1828 τά
1024 1766 1103 1846 μέρη
1136 1771 1197 1828 τοῦ
1230 1761 1332 1846 δήμου
1365 1762 1458 1847 έῶρα.

207 1871 254 1932 22.
279 1864 318 1931 τὸ
341 1871 360 1932 δ
366 1865 374 1888 ’
397 1864 623 1950 ἐπτάστροφον
645 1864 771 1947 άρχημα
793 1872 894 1931 τοῦτο
917 1862 1098 1946 παράβασις
1120 1865 1265 1931 ἐκαλεῖτο
1287 1873 1346 1930 τῶι
1368 1870 1460 1947 γένει,

205 1974 259 2034 καί
279 1967 299 2051 ἡ
321 1965 433 2053 πρώτη
457 1973 489 2034 δέ
512 1966 641 2053 ὄρχησις
663 1963 848 2046 ὁμωνύμως
872 1975 937 2032 τῶι
959 1970 1046 2047 γένει
1064 1963 1254 2048 παράβασις,
1287 1965 1326 2033 τὸ
1348 1974 1461 2050 τρίτον

132 2122 135 2127 «
204 2068 331 2152 μακρὸν
353 2077 408 2137 καί
430 2085 554 2152 πνῖγος,
578 2069 617 2136 τὸ
639 2074 796 2152 τέταρτον
820 2066 897 2151 ωἰδὴ
920 2075 974 2133 καί
997 2066 1133 2152 στροφή,
1155 2067 1193 2134 τὸ
1212 2072 1360 2147 πέμπτον
1376 2071 1460 2153 ἐπίρ-

154 2184 198 2233 155
208 2197 303 2255 ρημα,
325 2170 364 2237 τό
387 2173 482 2238 ἐκτον
504 2169 568 2251 ἅμα
591 2168 732 2251 ἀντωιδὴ
758 2176 812 2234 καί
835 2169 1061 2253 ἀντίστροφος,
1091 2168 1130 2235 τό
1152 2169 1187 2235 δ’
1209 2172 1349 2253 έβδομον
1372 2171 1459 2237 ἀντε·

206 2281 355 2357 πίρρημα.
404 2279 451 2340 23.
476 2280 570 2340 ταυτί
598 2278 657 2352 μέν
685 2279 754 2337 τῶν
781 2269 912 2354 ἀνδρῶν
936 2278 1016 2337 εἰσιν
1038 2267 1147 2356 (όνπερ
1171 2274 1305 2356 ἔφημεν·
1337 2272 1459 2356 κάνπερ

205 2374 293 2458 ἡμεῖς
322 2374 491 2455 συντόμως
520 2372 597 2462 [καί]
626 2383 729 2441 ταῦτα
757 2379 811 2438 καί
841 2377 1044 2457 σαφεστέρως
1065 2372 1250 2458 εἰρήκειμεν,
1283 2373 1322 2441 τὸ
1343 2374 1459 2458 ἀρνίον

205 2473 260 2563 [δέ]
282 2483 337 2566 καί
358 2485 492 2568 τραγίον
515 2493 671 2544 σκοπεῖτε.
717 2472 849 2553 τούτοις
870 2473 890 2558 ἢ
914 2473 1037 2559 στροφὴ
1059 2483 1113 2542 καί
1136 2476 1353 2561 ἀντίστροφος
1375 2477 1459 2543 άνω-

120 2590 127 2600 ’
205 2583 288 2664 τέρω
316 2584 376 2658 μέν
405 2582 562 2664 ἐπίρρημα
591 2581 747 2659 ἐκαλεῖτο,
781 2585 842 2643 νῦν
872 2583 905 2642 δέ
933 2574 952 2661 η
982 2576 1061 2661 ωἰδίγ
1082 2588 1225 2645 καλεῖται
1247 2586 1301 2644 καί
1323 2578 1458 2662 στροφή,

155 2694 197 2744 160
208 2679 246 2746 τό
268 2686 301 2746 δέ
321 2674 520 2764 μετἀἀτὴν
542 2685 689 2759 πέμπτον
710 2684 807 2763 μέρος
829 2681 997 2763 ἐπίρρημα,
1029 2678 1047 2762 ἡ
1080 2679 1219 2764 ἀντωιδὴ
1242 2687 1275 2746 δέ
1297 2689 1351 2747 καί
1373 2681 1460 2746 ἀντί·

206 2802 359 2868 στροφος,
382 2782 601 2865 άντεπίρρημα
625 2780 718 2849 δὲτὸ
741 2780 768 2863 ζ’
790 2785 904 2863 μέρος·
927 2777 1009 2846 ὥστε
1026 2790 1219 2861 ,συμβαίνειν
1241 2781 1279 2849 τὸ
1301 2787 1458 2868 ἐπίρρημα

205 2885 420 2964 κεντῶνυμον
449 2891 594 2964 γίνεσθαι
622 2881 713 2969 (καί)
735 2885 816 2966 ἐχειν
836 2887 896 2960 μέν
918 2879 978 2965 τὴν
1000 2884 1120 2949 ἑαυτοῦ
1133 2894 1267 2967 κλῆσιν,
1290 2895 1459 2951 καλεῖσθαι

206 2993 238 3053 δέ
260 2993 314 3052 καί
337 2984 483 3070 στροφὴν
504 2993 559 3051 καί
582 2986 819 3071 ἀντίστροφον·
850 2983 869 3068 η
900 2989 932 3050 δέ
961 2983 1038 3067 ωἰδίγ
1068 2985 1142 3052 κατ’
1170 2985 1290 3064 αύτούς
1312 2988 1466 3052 καλεῖται’
1480 3012 1502 3055 ν·
1512 3001 1575 3045 111

205 3096 259 3155 καί
281 3085 415 3172 στροφή,
438 3086 483 3167 ῶς
503 3086 687 3173 ἰγ-ἀντωιδὴ
709 3095 763 3153 καί
785 3086 1011 3169 ἀντίστροφος.
1043 3092 1094 3149 24.
1118 3086 1200 3153 ἀλλὰ
1221 3096 1323 3154 ταῦτα
1344 3094 1403 3167 μὲν
1425 3094 1457 3155 οἰ

153 3205 447 3273 165κομφοπρεπεῖς
471 3193 618 3274 ἐξηγηταί
639 3197 693 3282 καί
716 3188 917 3257 διδάσκαλοι·
946 3189 997 3266 οἰς
1019 3191 1049 3254 εἰ
1067 3214 1132 3255 που
1155 3188 1218 3256 κάν
1238 3186 1365 3274 (nizot)
1383 3200 1458 3269 μιᾶς

204 3298 320 3374 λέξεως
349 3285 509 3375 ἐπείσθην,
544 3291 641 3372 εὐθὺς
669 3293 748 3359 κατ’
776 3289 898 3369 αύτούς
924 3290 1141 3375 ἀνηρτημένος
1161 3296 1321 3376 μετέωρος
1343 3298 1457 3377 ἰκρίων

176 3388 178 3394 ’
203 3405 265 3463 τοῦ
293 3392 435 3478 ψεύδους
464 3395 616 3478 ἀρίδηλος
644 3400 776 3477 γέγονα,
805 3391 986 3477 ζτόργοισιν
1013 3391 1159 3476 αἰώρημα
1182 3401 1324 3484 φοινίοις
1346 3394 1456 3473 δέμας’

204 3499 368 3578 (Lycophr.
395 3501 505 3576 1080)·
539 3495 584 3576 ὡς
612 3496 684 3581 ἀρτι
710 3501 789 3563 ποτέ
810 3494 868 3579 τὴν
891 3497 1013 3578 ἐφηβον
1036 3492 1164 3578 ἡλικίαν
1186 3504 1299 3562 πατῶν
1322 3495 1457 3563 καὶτὸν

203 3603 349 3682 αἰθέριον
382 3596 594 3681 ἐξηγούμενος
623 3597 761 3683 Ὅμηρον
794 3604 935 3675 πεισθείς
965 3594 1176 3679 Ἡλιοδῶρωι,
1201 3606 1261 3663 τῶι
1296 3605 1455 3683 βδελυρῶι

204 3833 358 3905 παρθένων
375 3838 451 3906 παρὰ
463 3832 620 3908 Λυκομήδει
631 3836 806 3904 Κερκνοέραν
823 3838 851 3898 (l.
863 3835 1047 3909 Κερκεαιίραν)
1064 3821 1214 3894 καλεῖσθαί
1229 3853 1313 3905 φησιν
1381 3853 1455 3904 περι·
1567 3894 1569 3901 Ι

203 3922 359 3986 επεατιίτην
375 3923 413 3973 A:
432 3922 535 3972 norrexi
596 3924 645 3973 138
665 3918 732 3986 αδτή
750 3922 768 3970 i.
781 3936 803 3969 υ.
821 3921 837 3985 ἡ
855 3910 984 3988 Ἀσάφεια
1042 3923 1091 3974 139
1104 3916 1283 3990 γαιιδοιίριαν
1301 3922 1328 3984 (ἱ.
1345 3918 1455 3985 asellus)

202 4006 386 4069 Wilnmowitz‚
403 4022 456 4057 non
473 4007 536 4057 satis
552 4007 616 4057 haec
633 4006 808 4056 inlustrantur
825 4005 921 4055 scholio
938 4005 966 4054 in
983 4006 1097 4069 margine
1115 4007 1211 4070 scripto
1228 4007 1290 4056 hoc:
1309 4008 1407 4057 κοντδε
1424 4009 1456 4057 τό

203 4093 359 4159 κοντάριον,
386 4086 485 4142 κονδδε
509 4086 539 4141 δέ
565 4094 581 4142 δ
604 4086 756 4159 γαμερπὴε,
783 4084 937 4141 κονοειδεάε
961 4104 1001 4140 τιε
1024 4093 1069 4140 καί
1091 4093 1166 4141 κόνει
1188 4094 1361 4159 πεφυρμένοι

202 4180 252 4229 140
261 4193 318 4241 sqq.
335 4177 432 4227 similia
448 4177 496 4226 Pb
513 4174 575 4241 §30
611 4240 614 4244 ι
664 4178 712 4228 153
729 4174 884 4224 numerandi
901 4191 972 4225 error
989 4190 1041 4224 non
1058 4176 1160 4226 librarii
1177 4176 1222 4225 sed
1239 4177 1321 4239 ipsius
1338 4177 1454 4240 Tzetnae,
1506 4225 1510 4235 ,

201 4263 234 4313 ci.
251 4262 332 4313 Iamb.
348 4262 380 4312 de
397 4277 461 4312 eom.
479 4276 504 4312 v.
517 4262 550 4312 45
569 4251 646 4324 (inira
663 4276 689 4325 p.
701 4260 744 4319 41)
833 4261 881 4311 158
899 4259 932 4309 01.
950 4262 1036 4311 v.139
1123 4261 1172 4312 165
1190 4261 1269 4328 μέχρι
1281 4262 1402 4334 ‘additnm
1419 4278 1453 4312 ex

200 4347 250 4396 Mb
266 4347 328 4410 §34
393 4349 442 4398 167
454 4345 541 4410 potius
553 4347 690 4414 ἐγεγόνειν
753 4346 801 4396 168
820 4350 921 4395 πατῶν
932 4345 1026 4395 Nauck
1038 4345 1080 4408 (of.
1093 4345 1166 4397 Pind.
1180 4345 1333 4411 01.1115):
1353 4353 1453 4398 πασῶν

253 4430 474 4507 169Ηο11οδοιυυ
489 4429 608 4493 Dionysii
625 4429 732 4480 Thracis
749 4429 886 4480 scholiasta
967 4489 969 4493 ¹
1020 4489 1022 4496 .
