3150 5018
638 244 684 293 DE
702 243 882 295 cononms
899 246 1044 298 GRAECA

457 407 535 489 τοὺς
556 416 789 496 τετραμέτρους
810 409 869 490 οὓς
892 413 952 495 ἔφη
974 418 1007 479 δέ
1032 425 1102 482 τῶν
1125 425 1243 500 στίχων

457 522 584 595 τρανῶς
608 514 766 598 έπίρρημό
786 542 817 582 τι
838 512 917 593 τούς
939 512 1092 597 πρώτους
1113 523 1212 602 λε’γει,

458 614 538 694 τοὺς
560 621 730 699 δευτέρους
752 615 795 684 αὖ
818 618 1037 700 όντεπίρρημα
1059 618 1169 688 πόλιν.

462 721 592 801 ίζέτζης
612 724 672 797 μέν
694 719 777 785 αὐτὰ
799 729 868 785 τῶν
889 727 998 802 μερῶν
1022 731 1080 804 τῆς
1102 722 1238 804 έπτόδος

416 829 445 879 60
459 818 645 902 παρεξελών
667 845 701 886 τε
723 827 778 886 καί
801 819 918 901 διώξας
939 820 1105 904 μακρόθεν

460 919 559 1004 ώιδὴυ
580 928 696 1005 διαιρεῖ
715 928 770 987 καὶ
793 921 939 1007 στροφὴν
963 920 1009 1001 ὡς
1031 924 1113 1008 πρός
1136 924 1196 993 δόο

459 1022 679 1108 ἀντιστροφὴν
701 1021 806 1108 αότήν
826 1050 861 1090 τε
882 1023 1065 1108 κόντιοιδὴυ
1088 1025 1168 1106 ἅμα,

458 1123 547 1192 οὕτω
568 1151 603 1191 τε
625 1135 747 1209 πληροῖ
767 1144 819 1193 σοι
842 1125 940 1193 πάλιν
962 1125 1021 1210 τὴν
1043 1126 1173 1195 έπτόδα.

458 1226 557 1310 ώιδὴν
579 1237 673 1294 καλεῖ
692 1234 725 1294 δέ
752 1226 835 1313 πρός
857 1227 956 1306 θεούς
977 1254 1068 1308 τινας
1089 1228 1227 1312 λόγους,

414 1341 444 1389 65
458 1326 604 1413 στροφὴν
619 1328 718 1396 πόλιν
733 1336 766 1396 δέ
784 1328 862 1409 τοὺς
877 1329 959 1414 πρὸς
974 1324 1155 1413 όνδρῶπον
1170 1330 1300 1414 λόγους,

457 1429 516 1514 τὴν
538 1437 558 1498 δ
565 1431 574 1455 ’
595 1430 778 1516 α’ντοοοιδὴν
800 1439 845 1512 είς
866 1429 966 1511 θεοὺς
987 1430 1087 1499 πόλιν
1108 1438 1207 1516 λέγει,

457 1531 678 1617 ἀντιστροφὴν
700 1540 733 1600 δέ
755 1531 838 1617 πρὸς
860 1532 960 1615 γονός
983 1537 1136 1618 ἐτησίους.

498 1642 680 1715 ταῦταμὲν
702 1633 801 1702 οὕτω.
845 1642 900 1701 καλ
920 1643 993 1703 ταδί
1015 1642 1048 1703 δέ
1069 1662 1124 1715 μοι
1145 1636 1239 1719 μα’δε,

456 1734 502 1815 ὡς
523 1737 542 1820 ἡ
565 1734 686 1803 παλαιὰ
709 1734 877 1821 συγγραφὴ
900 1744 1085 1817 καομῶιδίας

413 1850 443 1899 τι)
455 1835 536 1922 ἦρτο
558 1835 642 1921 πρὸς
663 1832 765 1919 όγκον
788 1840 926 1924 Ἀττικῆς
946 1838 1092 1924 γλώττης
1112 1838 1240 1923 λόγοις,

457 1943 570 2025 ἐχρῆτο
592 1948 647 2006 καὶ
667 1945 795 2026 μέτροις
818 1947 850 2008 δέ
873 1950 1035 2021 ποικίλοις
1058 1950 1175 2025 στίχών

453 2052 565 2126 χορῶν
587 2069 621 2109 τε
639 2051 752 2126 χρείαν
774 2045 864 2126 εἶχεν.
899 2043 918 2127 ὴ
941 2048 997 2110 νέα
1019 2048 1053 2110 δέ
1074 2069 1109 2125 γε

455 2143 600 2228 γλώττης
621 2154 748 2226 σαφοῦς
771 2154 886 2228 πρῶτα
906 2152 966 2224 μέν
988 2144 1131 2229 ἥρμοστο
1153 2144 1274 2227 λόγοις,

455 2254 608 2313 πλείστωι
630 2252 662 2312 δέ
681 2256 797 2331 χρῆται
819 2257 887 2314 τῶν
909 2247 1036 2327 ίόμβιον
1061 2257 1121 2313 τῶι
1142 2253 1261 2331 μέτρῶι

411 2362 441 2410 75
455 2355 509 2414 καί
532 2345 569 2432 δη
593 2345 655 2415 σόν
677 2349 864 2428 αὐτοῖςκαὶ
884 2359 996 2433 χορῶν
1018 2350 1193 2433 όποτρέχει.

454 2448 491 2516 τό
516 2459 578 2517 τοῦ
600 2460 727 2516 σκοποῦ
750 2456 784 2516 δέ
806 2451 936 2530 πλάσμα
958 2459 1013 2517 καί
1034 2456 1119 2533 λέξις
1140 2451 1206 2531 ἅμα

454 2561 731 2635 παρεισφοραῦσιν
752 2549 875 2637 ἡδονὴν
897 2560 1093 2633 κῶμοοιδίαις

453 2661 508 2719 καί
529 2651 590 2720 τὸν
611 2659 735 2735 γέλωτα
756 2671 827 2734 τοῖς
848 2654 1037 2734 δμωνόμοις
1059 2661 1160 2724 πλέον

454 2760 703 2841 έσχηματισμένα
724 2783 759 2824 τε
780 2765 834 2824 καὶ
856 2764 1046 2841 παροιιδίαι,

411 2871 440 2921 80
454 2867 508 2926 καί
530 2857 676 2945 κλήσεων
698 2858 829 2939 πλάσεις
851 2867 884 2926 δέ
905 2868 960 2927 καί
979 2859 1201 2943 μεταπλόσεις,

454 2960 516 3029 σόν
539 2965 589 3042 οἷς
610 2970 760 3046 κορισμολ
781 2971 835 3028 καλ
857 2961 1063 3048 καταχρήσεις
1084 2961 1157 3041 ἅμα.

496 3074 650 3146 σκαμβῶν
671 3065 746 3145 μετ’
768 3061 851 3132 αότόι
872 3075 936 3132 νῦν
956 3074 1063 3144 μελῶν
1084 3073 1199 3148 κλῆσιν
1219 3061 1315 3142 μα’6ε·

452 3172 601 3250 λέγοντες
622 3164 705 3252 ἦσαν
727 3177 830 3233 ταῦτα
852 3184 978 3250 καιροῖς
999 3175 1068 3233 τῶν
1089 3164 1213 3248 πότων,

452 3269 579 3349 σκαμβὰ
601 3277 620 3336 δ
627 3269 635 3292 ’
657 3272 800 3350 ἔφασκον
823 3268 868 3348 ὡς
889 3270 979 3336 ἁπλᾶ
999 3278 1127 3347 μᾶλλον
1148 3264 1236 3335 τόδε·

410 3382 439 3432 85
454 3370 549 3438 ἄλλοι
571 3375 604 3437 δέ
626 3392 725 3452 φασιν
747 3368 793 3449 ώς
814 3371 993 3454 α’ναγκιιῖον
1014 3371 1128 3450 πότοις

452 3467 552 3540 όιδειν
574 3471 696 3556 ὑπῆρχε
717 3469 800 3555 πρός
821 3471 1016 3557 ψαλόγματα
1037 3473 1150 3556 λύρας·

451 3574 541 3654 όσοις
563 3578 639 3658 ἐνῆν
662 3581 694 3641 δέ
716 3582 869 3659 μηδαμῶς
891 3576 993 3660 λόρας
1013 3581 1118 3660 τέχνη,

206 3820 254 3882 τῆς
271 3816 456 3885 παραβάσεων
477 3816 493 3878 ἢ
515 3818 600 3882 μέρη·
626 3808 818 3879 ἐκβάλλωμεν
841 3816 873 3865 τό
892 3818 1029 3882 ἐπίρρημα
1046 3817 1075 3864 ἐκ
1094 3820 1145 3866 τοῦ
1161 3818 1290 3874 πέμπτον
1308 3816 1398 3865 τόπου
1416 3820 1466 3866 καί

206 3903 239 3952 τδ
257 3903 449 3969 ἀντεπίρρημα
466 3903 495 3950 δκ
513 3906 564 3950 τοῦ
581 3894 712 3966 ἑβδόμου.
747 3902 909 3968 παράβασιν
927 3895 958 3949 δέ
979 3894 1056 3950 καλεῖ
1076 3901 1108 3949 τό
1125 3902 1204 3968 γίνοε
1225 3904 1270 3950 καί
1293 3901 1465 3968 τὸπρῶτον
1567 3920 1571 3929 ·

205 3987 326 4054 δρχημα·
352 3989 447 4053 τρίτον
457 3986 566 4053 μακρὸν
577 3989 623 4035 καί
635 3994 746 4053 myos·
769 3988 905 4053 τέταρτον
922 3979 1011 4048 ολιδὴν
1028 3986 1080 4049 τήν
1095 3989 1141 4035 καί
1153 3989 1302 4052 ἐπίρρημα·
1327 3986 1465 4050 πέμπτην

205 4066 348 4135 δνταιιδὴν
360 4073 411 4135 τήν
422 4074 469 4121 καί
481 4071 687 4138 δυτεπίρρημα·
705 4070 787 4120 έκτον
799 4072 936 4139 στροφήν·
953 4064 1077 4136 ἕβδομον
1088 4071 1277 4139 δντιοτροφήν
1332 4071 1365 4121 57
1385 4072 1463 4138 έπιρ-

204 4158 306 4223 ρήματι
323 4157 402 4206 codd:
429 4171 494 4210 oorr.
512 4157 582 4207 Hart
668 4156 701 4206 65
727 4153 893 4222 ἀνθρώπων
908 4155 961 4205 AM
1047 4159 1081 4208 66
1105 4151 1252 4220 ἀντοαιδην
1269 4156 1306 4206 sio
1323 4155 1391 4205 oodd

204 4242 237 4292 82
261 4243 372 4307 οκαμβά
394 4242 413 4293 i.
431 4257 454 4292 e.
472 4236 579 4300 σκολιά,
605 4256 671 4304 quoe
688 4244 778 4304 utpote
795 4240 951 4305 Dionysiaca
967 4241 1081 4292 osrmins
1097 4257 1156 4292 oum
1173 4242 1305 4293 comoedia
1321 4242 1463 4294 ooniunoto

203 4327 325 4377 tractavit
342 4329 420 4377 eiiam
436 4326 513 4376 Vitae
530 4325 734 4389 Aristophanem
751 4330 848 4387 motor,
866 4327 952 4389 qualis
968 4327 996 4375 in
1013 4326 1113 4377 Veneto
1130 4323 1233 4377 Estensi
1249 4327 1307 4377 aliis
1324 4329 1464 4380 nonnullis

203 4410 335 4460 codicibus
352 4416 402 4473 est,
425 4412 459 4464 oi.
476 4411 599 4461 Duebner
616 4410 702 4461 Sohol.
720 4411 767 4462 Ar.
784 4426 811 4474 p.
829 4409 952 4461 XXVIII
969 4411 1028 4462 adn.
