3150 5018
697 271 850 320 TZETZAE

391 464 451 522 την
471 437 513 522 ῆν
535 449 666 520 λογεῖον
688 447 751 504 νῦν
773 449 947 521 καλοῦμεν,
972 438 1111 523 ἠγμένος

389 540 582 624 ὑποκριταῖς
603 547 662 620 μέν
684 549 881 625 προσλαλῶν
903 540 1016 620 ἄλλοις
1037 547 1165 626 μέτροις

390 641 510 727 σκηνῆν
533 642 616 726 πρὸς
639 641 741 728 αὐτὴν
763 640 804 727 ἦν
826 642 916 727 δρῶν
937 650 1138 724 κωμωιδίας·

346 758 375 807 25
390 745 501 811 αὐτῶν
524 743 739 813 α’πελδόντων
762 751 795 811 δέ
816 743 900 829 πρὸς
921 752 1024 828 δῆμον
1044 750 1185 830 βλέπων,

389 846 408 914 ό
433 854 487 913 καὶ
510 847 654 932 στροφὴν
678 850 787 931 έσχηκε
812 847 871 931 τῆν
892 856 1006 932 κλῆσιν
1029 852 1147 931 φέρειν,

390 953 425 1015 έκ
446 955 670 1034 τετραμέτρων
693 952 728 1030 ἓξ
749 975 783 1014 τε
805 957 860 1016 καλ
881 954 956 1016 δέκα
979 957 1117 1032 στίχους,

391 1050 646 1130 άναπαιστικοὺς
668 1057 701 1117 δέ
722 1067 793 1131 τοῖς
814 1056 942 1136 μέτροις
964 1055 1147 1133 ἐφθέγγετο.

390 1153 613 1237 α’ντίστροφον
635 1160 655 1220 δ
662 1153 670 1175 ’
693 1155 849 1234 έφασκεν·
878 1155 946 1220 εἶτα
968 1143 1125 1236 δευτέρως

347 1267 376 1316 30
390 1261 518 1321 τοιωιδε
538 1259 659 1337 μέτρωι
681 1262 736 1320 καί
758 1263 864 1320 ποσῶι
885 1253 995 1323 τόσων
1018 1264 1144 1338 στίχων.

390 1355 470 1436 τοὺς
488 1356 523 1423 δ’
538 1354 580 1423 αδ
596 1366 739 1441 στροφῆς
754 1354 875 1438 λόγους
889 1381 923 1422 τε
938 1356 999 1425 σὺν
1015 1355 1236 1443 άντιστρόφωι

395 1457 482 1537 άπας
503 1457 641 1539 παλαιός
663 1483 734 1538 πως
755 1462 913 1542 ἐπίρρημα
935 1464 1029 1542 λέγει.

395 1554 414 1644 ῆ
437 1558 582 1643 πάροδος
604 1560 664 1646 όλη
683 1570 789 1644 χοροῦ
810 1566 843 1626 δέ
865 1560 1053 1644 παράβασις.

396 1661 437 1727 ἂν
460 1659 523 1729 οὖν
545 1666 596 1728 ἐπὶ
617 1667 759 1746 θέατρον
781 1665 816 1727 έκ
836 1662 1047 1742 πολισμάτων

350 1775 380 1823 35
396 1765 520 1830 ἐδείκνυ
543 1771 621 1848 δῆθε
642 1763 701 1848 την
723 1763 803 1831 ὁδὸν
825 1763 1032 1845 ποιούμενος,

394 1865 563 1950 α’ριστερᾶς
586 1868 713 1947 ἔβαινεν
734 1866 853 1948 ἁψῖδος
877 1865 1007 1935 τόπων·

393 1973 422 2033 εί
444 1974 463 2035 δ
471 1967 479 1990 '
502 1967 547 2047 ὡς
569 1968 632 2036 α’π’
655 1968 769 2052 άγροῦ,
792 1974 896 2048 δεξιᾶς
918 1967 969 2035 διὰ
990 1967 1114 2052 τόπων,

392 2072 427 2135 έν
450 2079 720 2154 τετραγωνίζοντι
742 2080 803 2139 τοῦ
821 2079 927 2154 χοροῦ
948 2069 1071 2154 τάπωι,

392 2169 585 2256 ὑποκριταῖς
607 2172 646 2240 τὸ
667 2178 792 2253 βλέμμα
816 2170 975 2240 δεικνύων
997 2172 1121 2254 μόνοις.

350 2287 378 2335 40
393 2269 442 2339 (δν
464 2273 697 2357 ἐκδραμόντων
719 2273 849 2354 ἑπτάκις
872 2278 1087 2359 έστραμμένος

389 2375 491 2460 χορὸς
512 2375 649 2461 καδώρα
671 2377 754 2462 πρὸς
776 2384 893 2460 διπλῆν
916 2376 1018 2461 δήμου
1041 2375 1162 2447 στάσιν.

392 2477 431 2544 τὸ
454 2479 491 2545 δ’
512 2477 817 2564 έπτασυστρόβητον
839 2474 963 2564 όρχημα
983 2477 1058 2546 τόδε

393 2577 579 2663 παράβασιν
601 2583 670 2664 έσχε
691 2591 751 2647 τῶι
774 2586 856 2663 γένει
878 2591 993 2666 κλῆσιν
1015 2586 1134 2665 φέρειν,

394 2677 524 2765 όρχησις
545 2682 565 2766 ῆ
588 2681 701 2766 πρώτη
722 2708 757 2749 τε
778 2681 838 2766 τῆν
860 2693 975 2767 κλῆσιν
996 2688 1124 2766 γένους·

351 2796 380 2844 45
394 2782 521 2866 μακρὸν
543 2789 576 2851 δέ
598 2783 636 2867 δὴ
657 2782 773 2865 πνῖγός
794 2809 828 2849 τε
850 2783 888 2850 τὸ
909 2793 1022 2868 τρίτον
1044 2783 1155 2851 πάλιν·

393 2890 548 2969 τέταρτον
571 2884 649 2968 ωἰδὴ
671 2892 726 2951 καί
748 2884 872 2969 στροφὴ
893 2895 1008 2968 κλῆσιν
1030 2891 1130 2970 φέρει·

394 2986 430 3052 τό
455 2991 603 3066 πέμπτον
625 2984 701 3054 αὖτέ
722 3013 771 3066 τις
793 2989 951 3072 έπίρρημα
973 2993 1067 3069 λέγει·

394 3088 432 3156 τὸ
456 3097 476 3157 δ
482 3089 490 3112 '
513 3092 608 3157 έκτον
631 3092 699 3172 έοχε
719 3099 834 3173 κλῆσιν
859 3089 1016 3174 άντωιδῆς
1038 3095 1156 3174 φέρειν,

395 3191 616 3277 άντιστροφὴν
637 3191 703 3271 άμα
724 3216 758 3257 τε
780 3191 841 3257 σὺν
864 3192 957 3277 αδτῆι
978 3197 1073 3275 λέγω·

352 3306 380 3355 50
395 3294 432 3360 τὸ
457 3301 476 3361 δ
482 3295 489 3318 '
512 3291 650 3375 έβδομόν
672 3319 720 3372 τις
742 3294 961 3378 άντεπίρρημα
983 3299 1078 3377 λέγει·

401 3402 525 3481 Τζέτζηι
554 3397 590 3463 δ’
612 3395 747 3480 άρεστὸν
770 3395 923 3476 ου’δαμῶς
945 3400 1010 3464 ἐστι
1031 3396 1105 3465 τάδε

397 3499 470 3566 οὐδ’
493 3497 535 3566 αὖ
558 3497 597 3565 τὸ
618 3504 776 3582 πέμπτον,
803 3497 886 3566 άλλά
909 3522 960 3567 σοι
982 3509 1085 3566 ταῦτα
1105 3504 1200 3582 λέγει·

396 3599 454 3680 τάς
477 3599 655 3686 πρακτικὰς
675 3606 735 3680 μέν
757 3600 943 3686 συστροφάς
961 3611 1068 3687 χοροῦ
1089 3600 1160 3684 δυό,

398 3702 519 3788 σκηνὴν
541 3702 624 3787 πρὸς
646 3701 748 3787 αότην
770 3702 852 3787 πρός
873 3729 907 3770 τε
928 3701 987 3770 τὸν
1010 3710 1121 3788 δῆμον,
1145 3703 1212 3773 νόει

354 3817 383 3866 55
399 3804 543 3889 στροφάς
564 3815 742 3886 καλεῖσθαι,
766 3803 826 3870 σὺν
848 3811 881 3871 δέ
902 3803 965 3889 μὴν
988 3805 1235 3891 ἀντιστρόφους.

240 4009 273 4060 25
292 4003 323 4059 δέ
339 4025 389 4060 om.
401 4011 452 4061 ΒΜ
520 4012 553 4063 26
572 4012 666 4078 φέρειν
681 4025 716 4058 ex
734 4012 828 4077 φέρων
844 4025 910 4060 corr.
921 4010 960 4060 A:
983 4013 1077 4078 φέρων
1093 4011 1143 4060 ΒΜ
1211 4014 1245 4064 29
1263 4013 1405 4081 ἀντίστρο-

155 4076 206 4158 φοι
222 4091 341 4160 ἔφασκεν
357 4094 408 4144 ΒΜ
459 4099 493 4149 30
510 4096 528 4147 1.
541 4112 563 4146 e.
581 4096 669 4145 eodem
686 4100 769 4144 metro
785 4100 812 4144 et
829 4095 936 4145 totidem
952 4110 1061 4144 numero
1078 4110 1200 4146 versuum
1252 4098 1286 4148 33
1303 4099 1405 4148 numeri

153 4178 281 4241 corrupti:
301 4173 331 4229 δέ
349 4179 372 4228 ὦ
391 4181 597 4250 παράβαοιεΜ,
616 4181 684 4230 idem
696 4181 721 4229 A
738 4181 782 4230 sed
799 4183 858 4242 ωίῖγ
870 4195 904 4230 ex
915 4197 932 4244 η
944 4185 975 4230 ut
986 4180 1091 4230 videtur
1102 4185 1253 4243 correctum,
1273 4177 1303 4231 δέ
1315 4177 1405 4248 κίῆοει

153 4262 310 4329 παρδβασιε
326 4265 430 4315 FKuhn
498 4269 532 4318 35
550 4261 656 4318 ίδιίκνυ
674 4261 747 4330 δῆθε
764 4266 844 4316 verba
861 4270 980 4330 suspecta
1047 4267 1081 4316 43
1097 4268 1171 4333 γίνει
1183 4267 1235 4330 τῆν
1244 4261 1339 4333 κλῆσιν
1354 4268 1404 4319 ΒΜ

221 4349 254 4399 45
272 4350 357 4400 omisit
374 4351 468 4402 Tzetza
486 4353 518 4402 τδ
535 4352 699 4417 κομμάτιον,
722 4353 756 4402 αῖ.
773 4352 806 4401 αδ
823 4365 935 4414 prooem.
953 4352 1006 4401 Ma
1022 4351 1037 4415 ξ
1055 4352 1087 4402 22
1107 4351 1142 4415 (p.
1160 4352 1204 4416 29)
1273 4354 1307 4404 49
1329 4353 1403 4404 δυτι-

153 4437 272 4500 στροφῆι
288 4435 338 4485 ΒΜ
426 4439 458 4489 55
477 4436 603 4487 scholium
619 4437 647 4485 in
664 4436 689 4486 A
706 4435 879 4499 adscriptum:
907 4437 980 4486 κατὰ
1003 4437 1053 4486 τδν
1071 4434 1172 4501 Τζιίτζη
1196 4439 1231 4488 τὰ
1249 4439 1321 4489 δπτιὶ
1344 4434 1403 4502 εἴδη
