3150 5018
580 237 627 286 DE
644 235 824 288 COMOEDIA
841 234 981 287 GRAECA

397 432 515 485 πεντας
537 411 570 474 δέ
591 401 722 471 τούτων
745 405 832 470 ἐστίν
854 407 1039 489 ίξηιρημένη

393 509 544 593 Ὅμηρος,
568 507 732 588 ζΗσίοδος,
760 504 905 585 Πάνυσις
926 515 1051 590 τρίτος,

397 618 610 694 Πείσανδρος,
633 608 834 691 Ἀντίμαχος·
862 614 894 675 οί
916 608 951 675 δ’
973 610 1068 677 ἄλλοι
1091 615 1174 684 νέοι,

398 709 506 796 ὦνπερ
528 711 588 778 τὸν
611 709 709 789 ἑσμὸν
731 719 780 790 τίς
802 709 969 794 διαγράφει
992 708 1106 794 λόγος;

341 828 383 877 1ῖ5
440 813 528 882 οὕτω
550 813 590 879 τὰ
612 811 720 880 πάντα
743 812 783 879 σὺ
804 811 922 891 μαθὼν
944 814 1021 880 κατ’
1042 815 1138 896 άξίαν

397 924 535 998 γίνωσκε
556 925 665 994 καλῶς
687 922 741 981 καί
763 913 932 997 διάκρινον
952 924 1089 996 βίβλους

398 1027 453 1085 καί
474 1028 629 1101 τεχνικῶς
650 1015 758 1100 βάδιζε
783 1017 865 1101 πρὸς
887 1017 997 1100 λόγων
1018 1025 1159 1102 τρίβους.

675 1276 880 1286 .—

190 1510 284 1576 VIII.
318 1506 407 1573 ΤΟΥ
428 1507 573 1574 ΑΥΤΟΥ
594 1506 739 1573 ΙΑΜΒΟΙ
761 1507 969 1573 TEXNIKOl
991 1507 1092 1573 ΠΕΡΙ
1113 1509 1380 1579 ΚΩΜΩΙΔΙΑΣ.

397 1663 536 1747 Ἐπείπερ
558 1662 652 1747 ἡμῶν
673 1677 743 1741 τοῖς
764 1661 911 1744 άτὲχνοις
932 1671 1011 1747 πρὶν
1033 1673 1152 1747 στίχοις

396 1774 535 1849 τριπλῆν
557 1773 661 1831 τελεῖν
684 1766 794 1848 εἴρηκα
816 1763 875 1848 τὴν
897 1772 1094 1850 κωμωιδίαν,

396 1866 532 1951 πρωτην
554 1865 640 1946 ὁμοῦ
660 1870 761 1949 μέσην
783 1892 817 1933 τε
839 1875 892 1932 καί
914 1867 974 1951 τὴν
996 1866 1144 1951 ὑστέραν,

396 1971 478 2054 ἔφην
501 1974 533 2035 δέ
556 1975 610 2035 καὶ
632 1965 798 2052 γνώρισμα
819 1979 888 2036 τῶν
909 1978 1012 2054 τριῶν
1033 1968 1116 2051 τότε,

369 2058 461 2138 5οδκ
483 2070 626 2154 ἀκριβῶς
649 2072 729 2154 ἔφην
752 2076 785 2136 δὲ
807 2080 873 2137 πᾶν
894 2077 984 2156 μέχρι
1005 2076 1129 2154 τέλους,

397 2172 437 2240 τὰ
460 2183 523 2241 νῦν
546 2177 621 2256 φέρε
643 2172 820 2256 γράψωμεν
841 2173 1084 2257 η’κριβωμένως,

397 2273 483 2342 πόσα
505 2280 583 2360 μέρη
606 2300 640 2340 τε
662 2272 811 2356 τυγχάνει
833 2282 1026 2357 κωμωιδίας,

398 2386 451 2445 καί
474 2387 531 2461 τῆς
553 2373 766 2459 παραβάσεως
789 2376 895 2443 δπόσα
921 2384 954 2444 δέ
976 2377 1115 2462 τὰμέρη

397 2490 471 2547 τίνα
492 2505 527 2546 τε
547 2488 665 2560 ταῦτα,
691 2489 845 2561 τεχνικῶς
867 2506 901 2546 τε
923 2490 992 2560 πῶς
1015 2485 1126 2563 πρέπει

359 2595 386 2644 10
401 2588 584 2661 κωμωιδίας
605 2579 740 2664 γράφειν
762 2607 795 2647 τε
817 2589 872 2648 καί
893 2589 1095 2667 τραγωιδίας.

441 2689 519 2768 μέρη
541 2689 600 2762 μέν
623 2689 682 2749 είσί
703 2688 840 2767 τέσσαρα
863 2692 1059 2765 κωμωιδίας·

398 2795 533 2869 πρῶτον
548 2784 722 2870 πρόλογος,
744 2784 782 2852 τὸ
797 2791 887 2869 μέχρι
900 2797 1006 2872 χοροῦ
1020 2797 1077 2879 τῆς
1092 2785 1229 2870 εἰσόδου,

398 2888 435 2955 τὸ
459 2896 521 2954 τοῦ
540 2897 645 2972 χοροῦ
666 2893 764 2967 μέλος
786 2894 819 2954 δέ
842 2886 993 2972 διάτορον
1015 2894 1108 2971 λέγω,

400 2993 564 3069 ἔπείσοδος
585 2999 698 3074 τρίτον
721 2995 770 3057 δέ·
804 2999 837 3056 τί
858 2996 891 3056 δέ
913 2989 1061 3072 τυγχάνει
1067 3020 1079 3071 ;

358 3105 385 3154 15
399 3090 500 3174 λόγος
521 3091 642 3173 μεταξὺ
664 3091 750 3176 πλὴν
771 3102 879 3171 μελῶν
898 3103 1009 3177 χορῶν
1032 3091 1106 3160 δυό·

400 3191 556 3279 τέταρτόν
579 3198 665 3261 έστιν
687 3197 798 3275 ἔξοδος
820 3193 939 3279 ταύτης
959 3199 1070 3278 μέρος,

400 3296 498 3378 λόγος
518 3305 624 3379 χοροῦ
645 3322 693 3374 τις
715 3306 775 3362 τῶι
796 3301 878 3363 τέλει
900 3301 1095 3378 λελεγμένος.

401 3396 481 3465 τόσα
502 3402 581 3483 μέρη
603 3405 663 3479 μέν
685 3403 744 3464 εἰσὶ
766 3408 822 3482 της
844 3405 1035 3479 κωμοοιδίας.

444 3499 523 3568 ἔπτὰ
547 3507 580 3568 δέ
601 3498 696 3586 (τῆς)
715 3499 929 3585 παραβάσεως
952 3507 1010 3568 είσὶ
1031 3506 1120 3586 μέρη,

357 3601 420 3670 2θᾶ
442 3613 504 3670 νῦν
527 3613 640 3686 σαφῶς
661 3598 761 3671 άκουε
782 3612 902 3669 λεπτῶι
924 3612 983 3671 τῶι
1004 3602 1114 3686 λόγωι.

402 3703 419 3770 ὃ
443 3704 586 3785 κωμικὸς
603 3704 704 3788 χορὸς
724 3711 783 3784 μέν
806 3704 984 3789 ὀρχήστρας
1005 3702 1134 3787 τόποις,

244 3946 293 3998 172
320 3943 444 3995 Πάνυσιε
459 3944 535 3995 ΔΒΜ
561 3944 676 4007 itemque
702 3944 758 3993 cod.
780 3943 860 3994 Paris.
880 3944 903 3994 G
920 3945 1027 3996 Tzetzae
1053 3944 1124 3995 Ptol.
1149 3946 1177 3994 in
1203 3944 1309 3996 Hesiod.
1332 3963 1359 4010 p.
1380 3951 1413 4000 12

154 4031 234 4081 (λαλεῖ.
253 4030 286 4087 cf,
304 4029 374 4081 Hart
390 4031 423 4082 de
440 4030 592 4080 'szetzarum
608 4030 711 4079 nomine
728 4029 790 4079 vitis
807 4029 910 4092 scriptis
928 4045 953 4093 p.
963 4032 996 4081 69
1050 4032 1099 4082 174
1118 4025 1267 4100 διαγράφω
1283 4031 1360 4082 ΑΒΜ

155 4119 204 4168 176
215 4131 253 4179 sq.
273 4111 424 4183 διακρίνων
435 4116 518 4179 ΑΒΜ,
538 4110 677 4182 διδκριναι
689 4116 724 4165 P:
742 4129 808 4164 corr.
820 4114 967 4164 Baehmann
1040 4118 1088 4168 177
1107 4119 1152 4165 καί
1170 4117 1203 4166 P:
1222 4117 1259 4166 ῶν
1274 4117 1351 4167 ΑΒΜ
1365 4120 1415 4182 (ῶν

155 4202 275 4265 τεχνικδε
290 4200 325 4266 A)

239 4319 306 4368 vm
329 4319 402 4370 deest
418 4319 467 4370 hoo
484 4335 587 4371 carmen
604 4317 674 4381 inP,
691 4318 875 4368 habentABM
936 4312 1002 4369 ὃδί
1019 4319 1070 4370 del.
1082 4319 1260 4370 Duebneralii
1312 4323 1414 4374 βαίνοι

156 4399 185 4453 σε
204 4404 254 4453 ΒΜ
324 4405 356 4455 ιο
375 4408 422 4468 τῆς
439 4405 498 4456 add.
515 4404 619 4454 mum
688 4406 719 4456 21
739 4405 755 4454 ι
772 4420 822 4455 om.
839 4405 890 4453 ΒΜ
