3150 5018
639 1224 942 1303 PRAEFATIO

262 1435 445 1497 Comicorum
473 1436 628 1495 atticorum
657 1431 823 1513 fragmenta
851 1433 950 1493 omnia
977 1443 1047 1495 ante
1073 1433 1127 1495 hos
1156 1451 1201 1494 Lx
1228 1433 1289 1494 fere
1317 1453 1414 1494 annos
1526 1452 1531 1532 ζ

162 1547 272 1624 primus
294 1545 385 1606 edidit
406 1544 578 1608 Avovsrvs
600 1544 761 1604 Mamurra
789 1544 896 1624 insigni
921 1564 989 1605 cum
1011 1565 1082 1606 cura
1103 1543 1238 1619 collecta,
1267 1544 1337 1605 scite
1358 1544 1415 1605 dis·
1524 1540 1529 1581 ἵ

160 1658 271 1738 posita,
299 1656 451 1736 ingeniose
479 1655 634 1716 emendata
661 1664 691 1715 et
718 1654 872 1731 explicata.
916 1655 996 1736 quod
1024 1675 1099 1732 opus
1127 1655 1217 1736 plane
1245 1655 1416 1716 admirabile
1523 1646 1561 1700 ²7

1533 1748 1537 1775 .
1568 1760 1571 1767 ,

160 1789 228 1831 cum
253 1789 272 1829 a
293 1767 448 1828 Theodoro
470 1766 562 1828 Koek
589 1765 752 1846 expilatam
780 1766 872 1845 magis
894 1765 1022 1827 viderem
1051 1786 1140 1846 quam
1167 1766 1209 1826 ita
1236 1775 1269 1827 ut
1290 1766 1417 1827 debebat

160 1888 361 1952 retractatum,
397 1878 540 1940 decennio
572 1876 681 1937 abhinc
715 1877 777 1956 ipse
805 1875 970 1937 comoediae
1000 1896 1119 1955 graecae
1152 1876 1289 1957 reliquias
1318 1876 1416 1939 denuo

160 1989 298 2070 colligere
320 1990 414 2069 coepi,
443 2010 507 2050 non
530 2010 589 2069 quo
610 1988 724 2051 viderer
751 1987 822 2047 mihi
845 2008 921 2067 quae
942 1985 1111 2048 Meinehius
1133 1987 1245 2067 egregie
1273 1988 1417 2064 praestitit

160 2100 254 2162 multo
269 2099 373 2160 melius
393 2109 541 2181 praestare
556 2119 651 2180 posse,
673 2098 725 2160 sed
745 2108 780 2160 ut
798 2119 873 2179 quae
892 2097 943 2158 ille
957 2099 1044 2162 variis
1059 2097 1095 2159 de
1110 2099 1207 2159 causis
1228 2119 1267 2158 ne
1281 2107 1417 2176 potuerat

161 2211 278 2292 quidem
300 2220 448 2291 praestare
471 2210 646 2291 supplerem.
689 2231 787 2290 neque
815 2209 893 2270 enim
922 2210 992 2271 satis
1014 2219 1076 2271 erat
1104 2230 1184 2271 nova
1205 2208 1350 2289 quaedam
1370 2219 1416 2270 tu·

159 2321 318 2384 multuaria
340 2342 430 2402 opera
450 2321 618 2402 conquisita
643 2320 755 2401 pridem
776 2319 905 2383 inventis
931 2320 1038 2382 addere
1059 2320 1108 2384 vel
1129 2320 1215 2384 novis
1241 2320 1415 2382 coniecturis

159 2444 297 2515 corrupta
318 2443 473 2514 poetarum
494 2431 586 2495 verba
607 2440 758 2513 temptare,
776 2430 832 2493 ‘sed
854 2432 995 2512 quoniam
1017 2440 1046 2492 et
1067 2432 1189 2512 deipsis
1211 2431 1307 2512 poetis
1329 2431 1415 2492 etde

160 2565 261 2607 eorum
283 2545 334 2625 qui
354 2553 508 2625 poetarum
536 2544 688 2606 memorias
717 2564 870 2606 servavere
891 2543 949 2605 fide
970 2552 1000 2605 et
1020 2543 1192 2605 auctoritate
1213 2544 1320 2605 rectius
1342 2543 1415 2604 iudi-

160 2675 226 2716 care
246 2655 412 2729 didicimus,
441 2654 531 2735 longe
552 2654 637 2716 aliter
657 2654 752 2717 multa
773 2674 809 2715 ac
830 2655 932 2734 gravia
958 2654 1045 2717 nobis
1072 2653 1306 2716 administranda
1331 2663 1417 2715 erant

158 2786 248 2846 quam
272 2764 344 2827 olim
366 2765 525 2827 Meinekio.
568 2765 614 2826 his
636 2766 724 2845 igitur
745 2764 849 2826 studiis
878 2765 1011 2826 intentus
1039 2785 1109 2827 mox
1135 2785 1204 2827 cum
1224 2766 1416 2829 VDALmovs

157 2894 203 2936 oa
219 2876 444 2939 anmowmz
471 2875 584 2936 maiora
610 2873 730 2936 molitus
759 2874 891 2935 omnium
918 2885 1072 2955 poetarum
1098 2898 1270 2957 graecorum
1297 2877 1417 2938 disiecta

159 2987 290 3048 membra
311 2986 350 3047 ad
371 2986 461 3047 unius
483 2986 613 3066 corporis
635 2986 760 3066 speciem
781 2986 943 3066 composita
968 2985 1052 3047 edere
1073 2988 1283 3062 constituisset,
1312 2987 1415 3049 libenti

159 3098 258 3159 animo
286 3099 433 3178 privatam
460 3117 554 3158 meam
585 3117 704 3175 operam
731 3097 880 3159 communi
906 3098 986 3178 operi
1007 3098 1199 3162 commodavi.
1241 3095 1416 3177 itassfactum

157 3217 203 3270 est
231 3217 265 3270 ut
292 3208 406 3270 dudum
439 3217 544 3290 parata
570 3208 745 3269 comicorum
775 3208 862 3270 editio
893 3209 1007 3289 reliqua
1038 3209 1132 3290 operis
1164 3209 1321 3272 volumina
1348 3209 1416 3271 licet

157 3319 261 3380 ordine
282 3320 380 3401 priora
405 3318 598 3381 antecederet

241 3431 335 3511 primo
364 3431 421 3493 hoc
449 3429 592 3492 fascicrdo
621 3437 774 3511 poetarum
802 3429 973 3493 Siculorum
1001 3440 1031 3492 et
1056 3431 1240 3495 Italiotarum
1274 3453 1350 3513 quae
1377 3453 1415 3492 ex

155 3541 310 3604 comoediis
338 3542 433 3602 mimis
462 3540 640 3622 phlyaoibus
669 3551 830 3621 supersunt
856 3544 1020 3622 composui,
1050 3543 1149 3604 addito
1178 3544 1265 3605 etiam
1287 3543 1414 3621 Sopatro

155 3651 279 3731 Paphio,
305 3653 356 3733 qui
378 3652 446 3715 licet
467 3653 572 3714 atticae
594 3652 759 3714 comoediae
779 3653 941 3715 imitatione
962 3653 1092 3715 imbutus
1115 3654 1191 3715 iusto
1213 3663 1313 3715 tamen
1335 3664 1413 3718 vete·

156 3784 223 3825 rum
252 3763 357 3825 iudicio
386 3762 516 3842 paredus
544 3763 593 3826 vel
615 3763 730 3845 phlyax
755 3763 931 3842 appellatur.
976 3773 1129 3843 poetarum
1150 3764 1278 3844 reliquiis
1306 3764 1415 3828 subieci

156 3873 333 3955 glossarium
348 3874 530 3950 italioticum‚
553 3876 695 3937 sermonis
710 3875 901 3937 Doriensium
915 3884 1062 3956 quotquot
1078 3875 1110 3935 in
1125 3874 1224 3937 Sicilia
1238 3875 1286 3938 vel
1300 3876 1416 3957 Magna

156 3985 284 4048 Graecia
305 3985 389 4048 sedes
404 3986 533 4048 habuere
546 3986 700 4051 vocabulis
716 3986 847 4049 collectis
867 3985 1005 4048 omnibus
1027 4006 1103 4067 quae
1117 3986 1156 4047 ad
1171 3995 1265 4048 certos
1280 3997 1414 4050 auctores

154 4095 255 4156 referri
277 4117 340 4157 non
362 4106 511 4174 poterant,
540 4118 603 4159 non
625 4119 685 4178 quo
708 4098 806 4160 omnia
828 4098 901 4159 haec
922 4119 939 4158 e
960 4097 1139 4159 carminibus
1162 4098 1301 4159 scaenicis
1323 4100 1415 4179 petita

154 4206 321 4280 arbitrarer,
356 4207 406 4269 sed
439 4217 473 4269 ut
504 4209 566 4270 eius
599 4210 741 4271 sermonis
774 4209 936 4289 pleniorem
968 4218 1217 4287 repraesentarem
1249 4209 1412 4290 imaginem,

154 4338 214 4398 quo
237 4318 262 4378 si
283 4318 382 4379 minus
398 4318 603 4396 Epicharmus,
626 4331 658 4382 at
679 4319 818 4398 Sophron
840 4319 995 4382 Rhinthon
1019 4320 1116 4383 Sciras
1131 4319 1256 4382 Blaesus
1278 4323 1414 4401 quamvis

153 4428 271 4492 diversa
285 4430 377 4491 secuti
391 4429 516 4492 consilia
537 4433 583 4493 usi
600 4452 665 4493 esse
681 4431 826 4495 videntur.
862 4441 1012 4510 praeterea
1034 4432 1174 4513 quoniam
1196 4432 1270 4493 nihil
1293 4434 1415 4495 interest
