3150 5018
627 259 805 314 tenesmon
822 258 922 313 MIMOI

356 445 405 514 τίς
427 442 590 512 σταιτίτας
612 431 631 516 ἢ
654 439 840 512 κλιβανίτας
862 430 880 514 ἢ
903 429 1053 515 ἡμιάρτια
1076 437 1200 512 πέσσει;

237 552 356 624 Hesych.
374 548 533 624 ἡμιάρτιον.
565 549 599 605 cf.
617 548 650 602 fr.
663 553 704 602 27.

605 712 646 772 ιο
670 711 723 787 (σε
739 704 814 768 nn.
840 708 880 766 12
894 704 952 783 no)

238 826 344 882 Athen.
361 825 404 879 III
418 828 488 880 1100
506 819 522 882 ὁ
542 818 569 881 δ’
588 819 677 890 αὐτὸς
689 821 835 891 (Sophron)
848 815 1017 892 μνημονεύει
1028 823 1077 877 καί
1089 825 1213 881 πλακίτα
1227 820 1306 892 τινὸς
1319 823 1411 900 οίρτον

152 913 184 970 ἐν
202 912 385 976 Γυναικείοις

417 1020 461 1092 είς
482 1013 584 1080 νύκτα
605 1039 644 1092 με
666 1018 764 1079 αίτιᾶι
787 1009 848 1077 σὺν
870 1008 979 1094 άρτωι-
994 1019 1154 1077 πλακίται.

239 1127 273 1203 μ’
291 1123 429 1189 ίοτιάσειν
446 1132 515 1186 duee
534 1129 699 1186 Caeauhono
717 1129 799 1183 Mein.
817 1135 846 1182 et
862 1128 984 1193 Botzon‚
1007 1128 1060 1182 nisi
1082 1127 1136 1183 fuit
1156 1130 1252 1198 potius
1269 1132 1413 1201 μελίτειον

155 1221 201 1276 vel
217 1220 365 1290 μελιτίταν
382 1211 434 1273 σίν
451 1213 480 1274 τί.
498 1221 543 1272 πλ.

609 1340 649 1400 30
674 1340 727 1416 (59
742 1336 817 1400 Ahr.
842 1338 882 1398 19
896 1335 954 1412 Bo)

200 1466 267 1522 τῶν
290 1461 323 1521 δὲ
342 1453 568 1537 χαλκωμάτων
590 1463 643 1522 καὶ
664 1465 732 1522 τῶν
755 1450 1000 1536 ἀργυρωμάτων
1023 1452 1209 1539 ἐμάρμαιρεν
1233 1455 1253 1522 h
1278 1463 1373 1522 οἰκία.

243 1572 348 1626 Athen.
360 1572 400 1626 vl
412 1571 480 1626 tter
497 1577 532 1629 Σ.
550 1567 577 1628 δ’
597 1570 629 1629 ἐν
645 1575 818 1645 γυναικείοις
832 1574 941 1640 Μίμοις
953 1572 1039 1643 φησίν
1053 1564 1124 1628 ιταῖν
1142 1611 1169 1625 ..
1189 1573 1266 1630 οἰκία
1273 1566 1288 1627 ’.
1325 1573 1414 1630 Sehol.

158 1659 247 1716 Arist.
264 1657 338 1712 Aeh.
356 1661 371 1711 3
389 1660 438 1712 καί
456 1653 492 1715 τὰ
509 1652 643 1730 μάργαρα
662 1658 692 1715 δὲ
710 1655 757 1714 ἐπὶ
775 1656 902 1729 πλήθους
923 1654 1039 1714 ἐτίθετο
1059 1661 1153 1713 ..καί
1178 1657 1257 1726 παρά
1278 1655 1416 1734 Σώφρονι

153 1741 186 1801 ‘e‘r
206 1743 236 1801 δὲ
254 1742 332 1799 οἰκία
350 1744 409 1797 τῶν
426 1735 491 1814 α’ρμ.
510 1735 671 1814 μάρμαιρε’.

245 1825 404 1900 ἐμάρμαιρε
422 1830 504 1884 δοκια
522 1827 627 1882 Athen.

613 1986 652 2045 31
678 1986 729 2061 (55
745 1983 820 2047 Ahr.
845 1987 884 2046 13
899 1984 957 2062 Βο)

246 2099 497 2157 Athen.V11325f
515 2092 572 2156 κάν
589 2107 651 2165 τοῖς
668 2100 847 2165 Γνναικείοις
865 2092 892 2156 δ’
915 2095 968 2173 ἔφη
986 2101 1132 2170 (Sophron)
1156 2105 1302 2173 τρίγλαν
1319 2123 1415 2176 ηερε.

161 2193 181 2247 οἱ
186 2209 247 2246 τιν.
282 2186 367 2242 hahet
384 2184 503 2256 Hesych.
519 2188 650 2257 γενεᾶτιν
667 2185 795 2256 τρίγλαν.

615 2344 655 2403 32
680 2343 733 2418 (44
748 2340 823 2403 Ahr.
847 2343 887 2403 30
908 2341 966 2418 Bo)

206 2471 306 2528 θᾶσαι
328 2459 389 2527 ὅσα
412 2458 521 2541 φόλλα
543 2467 597 2525 καὶ
619 2457 743 2543 κάρφεα
765 2466 816 2525 τοί
838 2465 948 2538 παῖδες
971 2456 1048 2538 τοὺς
1071 2458 1190 2541 ἄνδρας
1211 2469 1413 2543 βαλλίζοντι·

209 2560 343 2647 οἷόνπερ
365 2569 480 2644 φαντί,
502 2569 597 2644 φίλα,
619 2561 697 2641 τοὺς
723 2571 832 2646 Τρῶας
854 2560 913 2627 τόν
936 2565 1060 2628 Αἴαντα
1081 2572 1141 2628 τῶι
1162 2573 1279 2629 παλώι.

251 2696 373 2752 Demetr.
391 2697 426 2751 de
444 2696 511 2751 eloe.
525 2699 572 2750 147
593 2699 626 2753 Σ.
643 2695 739 2752 δὲκαὶ
758 2689 846 2760 αὐτὸς
862 2692 909 2752 ἐπί
927 2699 980 2753 τοῦ
998 2690 1104 2765 ὁμοίου
1116 2691 1207 2761 εἴδους
1226 2696 1253 2761 (i.
1268 2700 1317 2768 τῆς
1329 2715 1419 2769 παροι-

166 2786 263 2854 βολῆς)
283 2783 351 2854 φησί
366 2780 465 2840 ‘iidem
480 2773 633 2838 ..παλιῦι’.
658 2775 776 2852 καὶγὰρ
789 2777 916 2837 ἐνταῦθα
928 2774 1087 2851 ἐπίχαριςῆ
1100 2777 1253 2852 παραβολή
1266 2780 1335 2847 ἐστι,
1354 2785 1419 2846 [καί]

167 2863 235 2934 τοὺς
250 2871 351 2937 Τρῶας
368 2868 559 2936 διαπαίζουοα
577 2855 677 2934 ὥσπερ
696 2869 806 2930 παῖδας.
842 2864 876 2920 cf.
894 2864 1010 2936 hypoth.
1028 2865 1112 2934 Soph.
1130 2865 1210 2920 Aiae.
1229 2873 1297 2921 extr.

252 2953 288 3007 ad
305 2952 498 3007 Isthmiaznsas
515 2951 687 3007 referendum
704 2950 821 3020 putabat
837 2951 1031 3006 Wilamowitz.

619 3129 659 3187 33
684 3129 736 3202 (ee
753 3124 828 3186 Ahr.
852 3122 964 3201 15130)

255 3238 299 3293 Et
317 3239 353 3293 M.
371 3227 465 3305 ’718,2
492 3243 554 3304 (om.
573 3240 616 3293 Et.
635 3243 698 3312 gen)
726 3240 906 3312 σκιρωθῆναί
927 3258 1023 3310 φαμεν
1044 3235 1091 3296 ἐπὶ
1116 3242 1169 3296 τοῦ
1192 3237 1287 3312 ῥοποῦ
1310 3236 1424 3313 σφόδρα

169 3319 346 3392 ἐμμένοντος
363 3325 412 3379 καί
429 3319 629 3381 δυοεκπλότον.
666 3328 701 3381 Σ.
719 3321 751 3380 ἐν
768 3333 830 3389 τοῖς
847 3326 1027 3389 Γυναικείοις
1044 3328 1189 3396 τροπικῶς

338 3434 416 3510 πρὶν
438 3425 540 3494 αότόιν
564 3425 624 3494 τάν
646 3425 747 3494 νόσον
771 3433 814 3507 είς
835 3426 895 3494 τὸν
916 3424 1039 3506 μυελόν
1063 3438 1271 3512 σκιρωθῇναι.

507 3618 556 3678 34.
579 3618 619 3678 35
644 3619 783 3692 (61-63
798 3615 873 3678 Ahr.
895 3619 1021 3680 39-41
1038 3617 1095 3693 Βο)

259 3752 300 3813 34
339 3746 515 3832 ίιγιωτερον
537 3749 749 3829 κολοκύντας.

260 3889 300 3949 35
340 3889 508 3964 τατωμίνα
530 3894 591 3952 τοῦ
613 3895 766 3968 κιτῶνος,
795 3885 932 3965 ότόκος
954 3913 1007 3953 νιν
1030 3883 1252 3969 άλιφθεροίκει.

260 4020 304 4075 Et.
322 4021 359 4074 M.
371 4023 429 4085 774,
441 4023 473 4072 42
494 4024 518 4080 (e
535 4019 702 4085 Philoxen0;
720 4020 816 4077 mutila
832 4021 899 4077 haee
916 4021 945 4075 in
961 4021 1006 4074 Et.
1023 4019 1135 4089 genuin)
1154 4022 1278 4090 ζητεῖται
1296 4017 1331 4076 τό
1350 4014 1429 4091 παρὰ

176 4104 316 4178 Σώφρονι
329 4099 385 4177 ‘hya
401 4095 474 4160 κολ.’
493 4107 545 4171 (34)
564 4108 626 4170 πῶς
639 4097 673 4162 οό
685 4103 760 4176 λέγει
772 4098 950 4177 ὕμιίστερονς
970 4102 1073 4178 ῥητέον
1085 4095 1137 4161 οὖν
1150 4095 1195 4161 ότι
1208 4100 1305 4160 ἑκοντὶ
1321 4094 1431 4176 ἥμαρτε

176 4187 210 4249 τὸ
231 4188 345 4248 οίκακον
361 4192 412 4260 τῆς
427 4190 592 4261 γυναικείας
610 4185 762 4262 ἑρμηνείας
778 4186 962 4257 μιμούμενος.
998 4182 1034 4246 ὃν
1057 4187 1172 4261 τρόπον
1192 4181 1314 4246 κάκεῑνο
1337 4181 1435 4258 (κάκεῖ

175 4275 246 4341 trad)
264 4273 427 4333 ἐοολοίκισε
441 4267 605 4341 ιτοιτωμὲνα
623 4278 677 4331 τοῦ
693 4266 728 4331 κ’
746 4266 810 4330 άντί
827 4277 880 4330 τοῦ
896 4271 1017 4348 ἐνέχυρα
1035 4276 1141 4340 teleta)
1159 4266 1190 4330 (ὃ
1209 4293 1234 4330 τ.
1253 4293 1278 4329 ν.
1298 4267 1352 4331 ἅλ’
1372 4275 1433 4339 (35).

176 4359 385 4430 reprehenditur
401 4359 526 4430 syntaxis
547 4359 616 4414 nulli
633 4359 816 4414 criminationi
837 4358 967 4415 obnoxia.
1002 4358 1121 4430 Hesyeh.
1140 4357 1305 4426 τατωμίνα·
1333 4374 1432 4429 στερο-

176 4447 246 4516 μένη
264 4453 292 4500 et
309 4438 522 4515 ἆλιφθεριίοαι·
548 4437 696 4514 ιίφανίσαι,
715 4436 865 4501 ἀπολέσαι.
932 4444 967 4498 ad
985 4449 1018 4498 34
1036 4461 1064 4498 v.
1076 4443 1233 4500 Demetrius
1251 4443 1286 4497 de
1304 4442 1432 4498 eloe.127
