3150 5018
223 223 266 283 co
676 226 870 286 cononum
886 226 1044 285 nomon.
1148 309 1151 314 ι

310 398 340 449 12
367 397 458 451 varias
480 397 514 451 de
536 396 699 466 Epicharmo
721 396 878 452 historiolas
899 415 927 452 v.
951 398 1025 467 apud
1046 397 1118 454 Plnt.
1138 396 1270 467 apophth.
1287 414 1317 467 p.
1332 401 1424 463 1ἵ5ο,
1451 398 1485 453 de

224 479 325 535 adulat
337 480 372 535 ab
385 481 472 536 amico
485 481 596 552 disting.
608 498 635 550 p.
645 485 707 536 68a.
733 481 843 537 Aehan.
856 500 884 537 v.
895 482 959 537 hist
972 483 1043 538 1134
1062 487 1100 550 (v.
1116 483 1152 539 ad
1164 482 1318 552 SophronIs
1335 482 1370 538 ir.
1385 486 1440 548 62).

312 602 343 652 13
370 600 500 656 Horatius
518 601 596 670 epist.
614 601 642 655 11
661 604 684 666 1,
697 605 729 654 55

463 685 612 755 ambigitur
629 685 751 754 quotieas
767 687 828 739 ater
844 687 907 739 utro
924 683 962 740 sit
973 683 1060 754 prior,
1084 683 1179 752 aufert

462 768 600 826 Pacuvius
617 768 688 825 docti
704 768 812 838 samam
829 769 906 836 οααίο,
926 768 1023 824 Accius
1040 767 1101 837 alti,

463 855 563 910 dicitur
579 853 685 924 Afrani
702 857 764 925 δορυ
781 853 933 909 convocate
950 853 1112 923 Menandro,

463 939 582 994 Plautus
598 940 636 994 ad
653 938 792 1009 coemptor
809 937 896 993 Siculi
910 956 1061 1009 properare
1077 938 1246 1009 Epicharmi,

439 1024 567 1080 υυίιιοονο
586 1024 718 1079 Caecilius
733 1023 874 1094 pravitate,
897 1024 1037 1079 Terentius
1054 1027 1121 1079 ονίτ.

312 1121 326 1161 4
343 1108 377 1163 cf.
395 1108 483 1165 Arist.
499 1110 571 1166 Eccl.
584 1113 632 1164 582
652 1102 718 1167 ἀλλ’
735 1102 770 1167 οὐ
786 1108 900 1179 μέλλειν
920 1103 985 1166 ἄλλ’
1002 1099 1148 1168 ἅπτεσθαι
1164 1114 1213 1168 καί
1231 1104 1262 1182 δὴ
1279 1104 1337 1182 χρὴ
1357 1111 1412 1180 τῆς
1428 1105 1485 1164 ἐπι-

229 1193 325 1256 νοίας·
343 1186 384 1259 ὡς
400 1191 435 1250 τὸ
455 1192 587 1266 ταχύνειν
602 1195 733 1266 χαρίτων
749 1193 861 1266 μετέχει
878 1199 1016 1253 πλεῖστον
1032 1189 1112 1268 παρὰ
1130 1203 1205 1253 τοῖσι
1223 1201 1353 1261 θεαταῖς.

315 1313 346 1364 14
371 1311 506 1384 Porphyr.
518 1312 568 1367 vit.
579 1313 651 1368 Plot
664 1317 696 1367 24
717 1305 733 1369 δ’
745 1311 798 1381 μὲν
809 1312 837 1378 (i.
846 1328 869 1367 e.
882 1305 1095 1384 Ἀπολλόδωρος
1108 1306 1124 1371 ὁ
1137 1306 1294 1386 Ἀθηναῖος)
1305 1306 1486 1384 Ἐπίχαρμον

229 1388 283 1449 τὸν
299 1394 557 1470 κωμωιδιοχράφον
574 1397 614 1464 είς
632 1397 699 1455 δέκα
717 1392 825 1466 τόμους
842 1395 941 1471 φέρων
958 1394 1124 1470 συνήγαγεν.

315 1516 346 1567 15
373 1514 449 1570 Suid.
467 1511 618 1582 Διονίσιος
634 1513 695 1581 υίὸς
712 1518 765 1572 τοῦ
782 1517 915 1582 Σικελίας
932 1511 1074 1587 τυράννου
1095 1520 1145 1573 καί
1163 1509 1252 1583 αὐτὸς
1269 1512 1416 1584 τύραννος
1438 1516 1486 1570 καί

230 1597 404 1671 φιλόσοφος·
427 1595 608 1667 Ἐπιστολάς,
624 1602 673 1657 καί
692 1602 762 1672 Περί
779 1603 838 1656 τῶν
855 1597 1024 1673 ποιημάτων
1038 1595 1220 1674 Ἐπιχάρμου.

314 1718 504 1787 Apollodorus
521 1719 700 1789 Epicharmos
723 1719 811 1775 edidit
832 1719 976 1789 diligentia
996 1737 1028 1776 ac
1049 1719 1107 1774 fide
1125 1736 1190 1774 usus
1207 1735 1273 1774 vere
1290 1718 1488 1774 Alexandrina

228 1817 286 1856 non
304 1803 396 1871 qualia
413 1805 448 1860 ab
466 1805 527 1875 ipso
544 1811 628 1874 poeta
645 1805 745 1874 scripta
762 1804 911 1859 existimari
927 1811 1045 1873 possunt
1061 1805 1111 1860 sed
1129 1803 1220 1873 qualia
1236 1803 1266 1858 in
1283 1803 1363 1859 libris
1376 1794 1488 1858 traditis

229 1884 394 1943 ferebantur.
428 1890 559 1945 videntur
575 1896 665 1945 autem
683 1889 750 1944 haec
767 1889 892 1957 exempla
909 1905 965 1943 non
983 1889 1065 1944 nimis
1082 1889 1195 1958 antiqua
1211 1887 1297 1944 fnisse
1319 1888 1371 1943 sed
1392 1888 1431 1943 ad
1448 1905 1488 1944 rc

230 1973 377 2028 certiorem
400 1974 535 2030 scribendi
553 1991 632 2029 usum
650 1973 810 2040 reformata,
832 1973 910 2028 velut
926 1973 1032 2028 litterm
1048 1975 1073 2025 st
1086 1974 1205 2044 vestigia
1226 1973 1275 2028 ubi
1294 1973 1359 2028 fieri
1375 1980 1488 2042 poterat

230 2056 376 2112 obscurata
396 2075 454 2113 non
475 2075 541 2113 sane
563 2059 599 2113 ad
615 2058 783 2128 Apollodori
801 2058 943 2114 arbitrium
964 2057 1014 2113 sed
1031 2058 1067 2114 ad
1083 2058 1215 2114 librorum
1232 2057 1317 2113 fidem
1340 2057 1488 2114 referenda

230 2141 367 2222 videntur.
402 2149 511 2198 servata
528 2149 593 2197 sunt
609 2143 675 2198 talia
690 2144 841 2216 βδελυχραί
859 2137 938 2200 ἁδέαι
950 2142 993 2208 (fr.
1006 2147 1057 2208 63),
1075 2163 1108 2200 τε
1126 2141 1237 2213 ίίρακες
1248 2146 1311 2209 (68),
1330 2162 1363 2200 τε
1381 2141 1488 2209 οί(11),

230 2219 360 2298 άχροδεν
376 2221 453 2285 ἔοικε
465 2231 544 2294 (161),
563 2242 632 2296 quae
644 2228 704 2283 tolli
718 2244 775 2282 non
786 2227 866 2282 facile
877 2233 1012 2296 poterant,
1030 2228 1080 2283 sed
1097 2227 1129 2282 ir.
1142 2233 1173 2282 53
1191 2227 1293 2297 legitur
1310 2220 1366 2285 οὐκ
1383 2226 1489 2294 ίσαντι,

230 2327 288 2365 non
311 2305 345 2369 ου’
361 2313 488 2373 fluam,
516 2316 564 2366 100
584 2306 636 2383 οὐχ
653 2309 736 2379 ἑκών,
761 2329 819 2368 non
843 2305 877 2369 οά
894 2309 997 2377 τεκών,
1024 2329 1188 2383 quamquam
1212 2313 1264 2382 qui
1281 2312 1350 2368 haec
1371 2313 1489 2368 tradidit

231 2395 304 2450 idem
322 2396 484 2452 Athenaeus
502 2403 574 2452 recte
591 2396 624 2452 fr.
636 2403 668 2452 37
687 2398 721 2455 τύ
739 2398 769 2456 δὲ
786 2393 861 2455 ἑκών
878 2397 1007 2466 scriptum
1025 2397 1142 2467 reliquit
1177 2404 1261 2466 poeta
1278 2398 1301 2454 si
1318 2397 1427 2468 ubique
1445 2398 1488 2453 lit

230 2488 290 2536 tera
306 2488 365 2536 tum
382 2483 450 2538 viva
467 2499 533 2538 usus
545 2489 594 2549 est,
612 2483 734 2554 graviter
750 2488 878 2551 corrupta
888 2481 1019 2536 videntur
1035 2481 1068 2536 fr.
1081 2486 1113 2537 21
1133 2483 1181 2540 αίκ
1193 2475 1314 2541 ἔσθοντ’
1325 2479 1412 2549 ἴδοις,
1430 2499 1489 2538 cor·

231 2573 341 2636 ruptum
358 2567 440 2622 etiam
457 2567 491 2622 ir.
505 2573 536 2622 56
554 2572 656 2626 λεπταί
673 2567 726 2637 μὲν
743 2561 836 2625 άδεῑαι
853 2567 891 2633 δέ,
908 2567 974 2621 item
991 2566 1024 2621 fr.
1038 2571 1085 2621 171
1105 2560 1172 2639 φέρ’
1190 2563 1240 2625 ἴδω
1258 2573 1287 2623 ot
1302 2567 1326 2623 si
1339 2583 1413 2638 quac
1425 2568 1487 2624 alia

231 2652 352 2707 abstinui
369 2653 544 2719 coniecturis,
566 2669 599 2708 ea
615 2652 758 2708 restituere
779 2658 923 2708 contentus
946 2667 1017 2720 quae
1034 2652 1239 2722 Apollodorum
1261 2653 1403 2721 scripsisse
1424 2669 1489 2722 pro·

230 2737 323 2792 babila
335 2743 400 2792 erat.
460 2739 647 2793 commentarii
657 2737 842 2808 Apollodorei
859 2735 1005 2791 manifesta
1021 2737 1140 2807 vestigia
1158 2744 1339 2794 servaverunt
1350 2737 1442 2793 Varro
1455 2738 1489 2792 de

231 2822 249 2875 l.
267 2823 285 2876 1.
302 2822 328 2877 V
348 2825 396 2876 105
414 2828 442 2876 et
459 2821 613 2893 Hesychius
631 2840 652 2879 s.
670 2825 863 2895 περιαμβίδες.
898 2821 971 2875 illins
988 2821 1074 2891 igitur
1089 2821 1147 2877 iere
1164 2822 1257 2877 omnia
1273 2828 1338 2877 sunt
1361 2836 1435 2891 quae
1453 2822 1489 2877 ad

230 2913 330 2976 poetae
347 2907 433 2963 verba
450 2906 611 2976 explicanda
627 2907 729 2977 passim
747 2913 855 2962 veteres
871 2907 1055 2976 protulerunt,
1076 2907 1106 2960 ln
1123 2905 1166 2962 his
1183 2923 1216 2962 ea
1234 2922 1345 2976 qnoque
1369 2907 1489 2975 quaein

232 2991 333 3046 scheda
349 2990 490 3047 chartacea
502 2991 543 3058 (fr.
556 2995 599 3058 99)
617 2998 764 3061 supersunt
780 2991 891 3046 scholia
949 3007 1015 3046 vere
1032 2990 1211 3060 Epicharmos
1230 3007 1247 3046 a
1262 2991 1420 3047 subditiciis
1432 3007 1489 3046 car·

232 3076 352 3131 minibus
368 3077 473 3146 primns
493 3076 669 3133 hauddubie
687 3077 813 3132 distinxit
829 3075 1020 3145 Apollodorus
1038 3075 1152 3142 (Athen.
1169 3075 1346 3141 XIVtISd,
1368 3092 1397 3129 v.
1417 3091 1489 3144 quae

231 3161 501 3231 Pseudepicharmeis
518 3161 657 3231 praefatus
670 3165 748 3226 sum),
765 3161 789 3216 si
802 3161 912 3230 quidem
924 3160 1065 3216 Diodorus
1076 3158 1299 3229 Aristophaneus
1310 3159 1346 3214 de
1359 3159 1490 3215 Chironis

232 3246 359 3301 carminis
375 3247 516 3315 genuitate
532 3246 656 3301 nondum
673 3245 813 3301 dubitavit
830 3244 943 3310 (Athen.
955 3245 997 3300 XI
1008 3249 1102 3310 aaa),
1120 3261 1227 3300 carmen
1245 3251 1336 3300 autom
1349 3247 1489 3303 Πολιτεία

232 3332 391 3400 inscriptum
416 3331 654 3402 grammaticorum
681 3330 792 3399 quidem
818 3346 900 3386 nemo
929 3329 1040 3385 videtur
1065 3329 1223 3386 adhibuisse
1248 3336 1314 3399 post
1338 3329 1416 3385 illum
1445 3329 1490 3385 cui

233 3416 439 3473 Antiatticistae
460 3415 580 3471 Behkeri
606 3414 702 3484 copiao
724 3414 866 3482 debentur,
890 3422 956 3484 post
975 3414 1192 3484 Aristophanem
1213 3414 1379 3487 Byzantium
1396 3413 1490 3479 (Cohn

232 3499 364 3555 FleckeIs.
388 3517 450 3556 ann.
473 3502 529 3557 vol.
552 3501 640 3571 suppl.
658 3501 714 3554 XII
735 3504 809 3566 292);
837 3516 1002 3570 quamquam
1024 3499 1078 3555 hoc
1100 3499 1176 3569 quod
1198 3499 1334 3554 adstruxit
1355 3499 1491 3554 Wilamo·

232 3585 340 3640 witzins
361 3585 493 3641 incertum
516 3593 558 3641 est
579 3592 768 3656 argumentum
789 3601 822 3643 eo
845 3586 963 3652 nomine,
986 3585 1063 3654 quod
1084 3600 1141 3640 non
1164 3601 1258 3643 omnes
1278 3583 1491 3640 Antiatticistac

128 3736 131 3741 1
232 3670 341 3739 glossae
359 3671 395 3724 ad
411 3669 627 3740 Aristophanem
645 3669 739 3725 referri
755 3677 879 3739 possunt
947 3672 950 3677 ’

318 3806 473 3875 Epicharmi
494 3807 623 3877 reliquias
644 3807 757 3863 selectas
779 3806 934 3875 composuit
950 3804 1062 3860 Ahrcns
1083 3804 1245 3868 dedial.H
1264 3807 1324 3869 435,
1349 3802 1491 3874 integram

234 3891 360 3962 syllogen
377 3891 495 3948 instituit
511 3893 624 3958 Lorenn,
641 3892 735 3948 Leben
752 3891 809 3946 und
827 3890 963 3947 Schriften
980 3889 1029 3946 des
1046 3889 1079 3944 E.
1097 3889 1184 3954 (1864)
1202 3901 1229 3954 p.
1242 3889 1300 3942 119.

757 4184 957 4192 -...------
