3150 5018
699 273 852 324 TZETZAE

341 456 383 506 110
397 441 579 528 ὑποκριτοῦ
602 439 782 527 πρόσωπον
805 441 845 508 ἂν
869 440 966 526 ωἰδὴυ
988 447 1082 527 λέγηι.

394 553 587 630 τραγωιδίας
607 549 687 628 μέρη
709 550 768 623 μέν
789 544 958 626 Εὐκλείδηι
979 543 1060 611 τάδε.

438 647 533 716 άλλσι
556 651 630 714 δέκα
651 650 782 728 λέγουσι
804 655 854 730 τῆι
875 643 984 730 κλήσει
1001 644 1085 726 τάδε,

395 747 561 834 πρόλογόν
584 775 618 816 τε
641 751 734 832 ῥῆσιν
755 754 810 813 καί
831 745 980 832 άμοιβήν,
1004 740 1140 829 άγγελον

396 849 568 934 έξάγγελόν
590 876 633 927 τε,
657 846 811 934 σκηνικὴν
834 849 932 934 ωἰδηυ
954 848 1030 931 άμα,

342 967 384 1017 125
400 953 482 1037 πρὸς
505 954 618 1035 οἷσπερ
641 950 722 1036 άλλη
744 961 813 1018 τῶν
834 960 944 1035 μερῶν
966 951 1078 1036 τετράς
1098 957 1217 1036 μέτρωι

361 1099 363 1103 -
396 1053 567 1139 κούρισμα,
590 1052 730 1136 σάλπιγξ
750 1060 805 1120 καί
827 1051 950 1132 σκοπός
968 1064 1075 1138 χοροῦ
1096 1060 1184 1136 μέτα,

398 1154 418 1223 ά
440 1161 534 1223 πέντε
556 1163 635 1239 πρίν
658 1159 800 1239 έγνωκας
822 1154 1000 1222 Εὐκλείδου
1021 1164 1142 1237 λογοις,

397 1267 531 1341 πρῶτον
552 1256 654 1339 λόγον
675 1261 744 1340 μέν,
767 1256 933 1339 ἀγγέλους,
955 1259 1155 1340 ἐξαγγέλους,
1258 1262 1261 1267 ’

398 1358 480 1443 πρὸς
502 1357 723 1444 οίςάμοιβήν,
746 1369 897 1444 σκηνικῆς
919 1357 1015 1442 ωἰδῆς
1036 1357 1169 1444 τρόπον.

345 1475 386 1525 130
400 1464 440 1529 τὰ
462 1466 556 1529 πέντε
577 1460 696 1529 λοιπόν
719 1479 770 1528 σοι
792 1459 872 1527 κατ’
894 1459 1015 1538 αὐτοὺς
1035 1465 1177 1544 λεκτέον,

397 1573 429 1630 τί
451 1566 540 1648 ρῆσίς
562 1567 628 1630 ἐστι
649 1571 704 1629 καί
725 1560 765 1629 τά
787 1561 885 1630 λοιπὰ
907 1569 926 1628 δ
933 1561 941 1584 '
964 1558 1006 1627 αὐ
1027 1567 1117 1645 μέρη,

397 1665 567 1749 κούρισμα,
590 1662 728 1747 σάλπιγξ
749 1671 803 1730 καί
826 1660 948 1743 σκοπός
967 1673 1071 1748 χοροῦ
1091 1669 1180 1748 μέτα,

398 1766 479 1851 άπερ
502 1765 725 1853 παρειάδησαν
746 1765 914 1849 Εὐκλείδηι
936 1764 1054 1847 λόγοις.

397 1868 508 1949 καδάις
528 1869 569 1937 τά
590 1869 769 1937 Εὐκλείδου
791 1873 850 1947 μέν
872 1867 983 1934 αὐτῶν
1005 1883 1075 1947 τοῖς
1097 1865 1217 1951 λόγοις,

343 1984 385 2034 135
400 1970 499 2039 άκονε
520 1969 639 2038 λοιπδν
660 1979 729 2037 τῶν
750 1978 859 2053 μερῶν
880 1966 940 2052 τὴν
962 1967 1110 2038 πεντάδα.

399 2075 488 2158 ῥῆσις
510 2071 608 2155 λόγος
629 2080 677 2151 τίς
700 2075 787 2138 ἐστιν
809 2068 1017 2155 έξηγημάτων

398 2175 581 2258 ὑποκριτοῦ
602 2180 756 2256 λέγοντος
778 2172 823 2252 ὡς
845 2171 928 2257 πρὸς
949 2171 1027 2252 τοὺς
1048 2171 1176 2254 ὄχλους,

399 2276 444 2357 ὡς
466 2281 532 2344 έστί
553 2285 653 2344 τοῦτο
674 2292 745 2355 τοῖς
766 2275 946 2359 Εὐριπίδου
967 2274 1077 2357 λόγοις

393 2378 450 2447 ιτά
463 2385 522 2459 μέν
537 2387 702 2462 πυλωρῶν
717 2375 854 2462 κλεῖδρά
867 2376 905 2456 μ’
920 2376 1110 2457 είσεδέξατο’
1121 2379 1247 2454 (Phoen.
1256 2383 1337 2454 261).

347 2494 389 2544 140
402 2479 563 2565 κούρισμα
585 2481 620 2546 δ’
642 2478 720 2564 ωἰδὴ
744 2490 914 2563 συμφορᾶς
935 2476 1147 2563 πληρεστάτη,

400 2583 521 2666 ταύτην
544 2580 707 2649 άιδόντων
728 2581 786 2661 τάς
808 2589 918 2666 τρίχας
940 2586 1155 2665 κεκαρμένων.

402 2684 539 2766 σάλπιγξ
560 2682 658 2764 λόγος
681 2688 713 2749 δέ
737 2681 902 2762 συμβολάς
922 2692 1035 2763 μαχῶν
1057 2687 1170 2764 λέγων.

401 2785 524 2865 σκοπὸς
545 2783 580 2852 δ)
601 2783 618 2850 δ
642 2791 750 2868 δηλῶν
773 2787 807 2850 ἐκ
830 2789 922 2868 ξένης
944 2793 1136 2867 παρουσίαν,
1210 2781 1219 2801 ‘

400 2887 575 2973 πόρρωθεν
599 2883 720 2964 αὐτοὺς
742 2892 879 2971 εἰσορῶν
901 2892 956 2952 καί
977 2890 1181 2969 προβλέπων.

346 3000 389 3051 140
400 2986 502 3072 χορὸς
523 2993 556 3054 δέ
578 3015 608 3055 τι
632 2986 775 3071 σύστημα
797 2986 879 3071 πρὸς
900 2992 998 3067 μέλος
1019 2991 1132 3067 λέγων.

399 3089 487 3157 οὕτω
509 3096 569 3168 μέν
591 3085 685 3157 οὗτοί
706 3110 784 3169 φασι
805 3093 1097 3171 συμπεφυρμένως·

400 3190 481 3259 όταν
504 3190 521 3260 δ
545 3191 718 3276 Εὐκλείδης
741 3197 773 3258 δέ
795 3199 850 3258 καί
871 3188 997 3275 Κράτης
1019 3188 1155 3274 γράφων

400 3293 495 3363 ἄλλοι
517 3321 551 3361 τε
573 3302 692 3362 πολλοὶ
713 3304 782 3362 τῶν
803 3292 915 3376 λόγοις
936 3297 1127 3378 διηρμένων,

400 3396 565 3482 ἄνθρωπε,
588 3396 650 3465 κάν
672 3396 813 3482 κράζωσι
835 3413 906 3476 τοῖς
928 3409 1083 3479 στροφοῖς
1105 3392 1224 3476 λόγων,

347 3511 389 3560 150
403 3497 443 3566 τά
466 3498 602 3583 σκηνικδι
624 3498 805 3582 γράφοντες
827 3501 1088 3581 έμπεφυρμένως,

401 3597 521 3684 μάθηις
543 3606 576 3667 δέ
597 3607 697 3684 μηδέν
719 3605 754 3682 ἐξ
775 3604 908 3667 ἐκείνων
931 3596 980 3667 (δν
1001 3603 1116 3679 θέλεις,
1213 3615 1215 3619 ’

241 3841 288 3890 121
305 3832 452 3903 Εὐκλείδης
468 3841 495 3889 Μ
600 3840 648 3891 122
671 3841 708 3890 sic
725 3839 804 3890 schol.
821 3839 897 3888 Dion.
915 3839 977 3889 Thr.
994 3837 1079 3889 cram.
1097 3838 1147 3888 An.
1165 3837 1215 3887 Ox.
1233 3838 1271 3886 IV
1288 3839 1339 3888 308

155 3925 204 3976 123
230 3919 368 3993 πρόλογον
385 3926 465 3994 ῥῆσιν
482 3925 605 3990 ἀμοιβὴν
626 3927 671 3974 καί
689 3919 803 3993 ἄγγελον
820 3924 870 3973 ΒΜ
957 3924 1006 3974 120
1027 3926 1134 3991 μέτριοι
1149 3937 1201 3971 non
1218 3922 1340 3985 intellego

154 4011 204 4061 133
229 4007 420 4076 παρειίθηοαν
437 4008 487 4058 ΒΜ
558 4011 608 4061 138
630 4006 720 4077 λδγοιε
731 4002 885 4075 Εὐριπίδου
902 4008 1006 4058 FKuhn
1076 4009 1125 4058 140
1135 4021 1191 4069 sqq.
1209 4021 1242 4057 ex
1259 4021 1312 4056 una
1328 4007 1408 4056 Phoe-

152 4094 230 4143 nissis
247 4095 347 4157 fabula,
371 4099 402 4143 ut
419 4093 488 4145 vidit
505 4093 689 4156 wilamowitz,
712 4092 775 4143 haec
792 4093 885 4158 petita,
908 4095 1042 4160 κοδριομιι
1058 4092 1172 4141 Ιουεεαιε
1191 4091 1269 4156 (322),
1293 4084 1410 4160 σάλπιγξ

95 4167 97 4173 ’
153 4180 261 4229 nuntius
287 4179 354 4229 alter
381 4178 424 4243 (01.
443 4181 529 4243 1377),
559 4180 662 4229 ακοπδε
681 4177 810 4241 Antigona
827 4176 899 4242 (102)
1004 4179 1053 4229 144
1080 4170 1266 4244 προσβλέπων
1282 4176 1307 4224 A

155 4263 398 4315 147-15001113
468 4266 517 4316 148
535 4258 626 4332 λόγων
642 4263 670 4312 Μ
739 4261 789 4314 149
806 4258 928 4330 κράξωσι
942 4262 969 4320 ,Α
1038 4262 1071 4311 οδ
1089 4276 1115 4312 v.
1132 4262 1183 4312 150
1200 4259 1325 4310 scholium
1343 4258 1408 4312 Διο

154 4349 248 4399 νδσιοτ
265 4349 280 4398 δ
296 4339 501 4416 Ἀλικαρνασεδτ
522 4351 568 4399 καί
586 4350 676 4416 δτεροι
698 4348 771 4397 κατὰ
789 4348 839 4398 τὸν
857 4344 967 4411 Τζέτζη.
1004 4340 1134 4412 διαίρεσιε
1151 4340 1410 4413 σκηνικῶνΰδρακά-

155 4449 214 4486 των
231 4427 287 4485 κτλ.
