3150 5018
510 281 630 332 SCHOL.
648 281 687 330 IN
705 281 843 332 DIONYS.
862 280 988 332 THRAC.
1160 358 1164 367 .
1339 279 1377 335 11

208 469 239 528 p.
259 455 328 531 746,
342 455 381 512 22
414 448 489 532 ἡδὲ
512 453 704 531 ἐτυμολογία
732 459 788 534 τῆς
816 456 1008 534 τραγωιδίας
1036 453 1122 516 ἐστίν
1152 447 1249 533 αὕτη·
1282 449 1301 532 ἢ
1328 449 1379 517 δτι

12 568 15 575 ’
123 547 245 634 τράγον
267 549 451 630 ἐλάμβανον
473 553 619 618 έπαθλον
642 557 862 632 οἱνικῶντες,
892 556 993 619 οἱονεί
1017 550 1037 635 ἱγ
1060 554 1111 618 έπί
1133 549 1254 634 τράγοι
1280 549 1401 637 ιδιδή·’

124 651 144 736 ἢ
174 649 223 717 ὅτι
250 660 311 718 τοῦ
332 655 359 732 γ
383 657 584 736 τρεπομένου
612 660 655 733 εἰς
677 657 703 736 γ
728 670 849 721 νοεῖται
877 659 1050 736 τραγωιδία
1078 653 1097 736 ἢ
1125 668 1255 736 τραχεῖα
1280 651 1377 737 ωἰδή·

87 764 117 815 10
127 751 324 838 τραχύτερον
351 752 412 836 γάρ
438 761 492 819 καί
520 760 681 837 φευκτέον·
705 762 759 820 καί
787 752 949 834 δυ’σβατον
976 753 1016 821 τὸ
1041 763 1109 820 τῶν
1131 753 1265 842 θρήνων
1294 756 1378 833 είδος

92 856 95 861 ’
124 865 185 922 τοῦ
206 865 443 937 γελωτοποιεῖν.
483 855 501 921 ί
525 852 625 924 οἱονεί
647 863 924 940 τετραγωνωιδία·
956 861 988 923 οἱ
1009 855 1069 940 γάρ
1089 864 1241 941 χορευταί
1266 857 1378 923 ου’τῶν

124 962 159 1025 ἐν
186 956 392 1041 τετραγῶνωι
420 956 553 1041 σχήματι
588 958 750 1038 ἱστάμενοι
777 957 817 1024 τὰ
849 969 917 1024 τῶν
945 967 1107 1041 τραγικῶν
1142 960 1373 1025 ἐπεδείκνυντο.

124 1057 205 1144 ἦσαν
222 1066 259 1126 ,δέ
281 1069 349 1125 τῶν
370 1063 437 1182 adv(
451 1070 612 1141 τραγικῶν
637 1068 786 1184 χορευταί
809 1063 1048 1143 δεκατέσσαρες,
1077 1068 1145 1125 τῶν
1168 1065 1200 1126 δέ
1221 1070 1377 1138 κωμικῶν

125 1165 382 1244 εἰκοσιτέσσαρες
426 1157 560 1240 ἕκαστος
587 1158 649 1229 οὖν
681 1187 699 1228 o
727 1160 859 1245 ποιητὴς
887 1159 1039 1244 τραγικὸς
1066 1168 1119 1226 καί
1145 1159 1287 1240 κωμικὸς
1316 1164 1376 1244 είχε

21 1335 26 1345 Ι
84 1261 262 1340 15τοάτους
295 1261 626 1346 προεκμανθάνοντας
659 1261 698 1330 τὰ
731 1267 849 1329 ἑαυτοῦ
882 1269 936 1327 καί
968 1262 1238 1346 τρεφομένους’
1217 1261 1284 1329 απὸ
1315 1272 1378 1329 τοῦ

125 1369 296 1447 δημοσίου.

208 1570 238 1627 p.
257 1556 327 1630 747,
346 1556 382 1611 10
416 1555 582 1626 κωμωιδία
610 1552 696 1617 έστίν
723 1551 742 1634 ἢ
772 1554 806 1616 ἐν
833 1554 933 1629 μέσαι
960 1557 1044 1615 λαοῦ
1071 1558 1246 1633 κατηγορία
1273 1547 1375 1632 ἤγουν

123 1656 330 1733 δημοσίενσις.
377 1653 497 1734 είρηται
525 1657 557 1717 δέ
585 1650 672 1731 παρά
700 1652 739 1718 τὸ
767 1648 858 1734 κῶμη
887 1657 940 1716 καί
965 1649 1003 1717 τὸ
1026 1649 1119 1734 ωἰδή,
1149 1653 1270 1716 έστίδέ
1293 1652 1377 1729 είδος

124 1749 301 1835 ποιήματος
323 1755 358 1818 έν
379 1749 502 1831 κώμαις
523 1751 605 1819 κατὰ
625 1752 685 1820 τὸν
698 1762 773 1832 βίον
795 1751 974 1831 άιδδμενον.
1021 1750 1072 1818 διά
1087 1761 1186 1819 τοῦτο
1209 1760 1262 1818 καί
1283 1761 1377 1832 βιω-

86 1862 224 1919 ἳθτικῶ
231 1879 247 1932 ς
276 1858 398 1936 λέγεται
424 1857 591 1921 τουτέστιν
620 1859 755 1938 ἱλαρῶς,
786 1853 831 1934 ῶς
853 1853 895 1921 dv
917 1850 1045 1934 εὔξαιτό
1073 1879 1122 1932 τις
1142 1862 1275 1936 βιῶναι,
1304 1855 1376 1921 άντί

123 1964 183 2021 τοῦ
198 1958 233 2021 έν
247 1952 359 2040 ήδουῆι
373 1962 428 2021 καί
442 1960 565 2037 γέλωτι.
608 1963 657 2023 δεῖ
678 1954 739 2023 οὖν
761 1966 820 2023 τῶι
835 1954 894 2040 τήν
908 1961 1093 2034 κωμωιδίαν
1114 1953 1375 2041 δποκρινομένωι

122 2054 201 2134 μετὰ
215 2060 355 2138 γέλωτος
375 2064 429 2123 καί
444 2067 566 2142 πολλῆς
581 2058 786 2144 άστειδτητος
808 2064 861 2124 καί
876 2062 992 2140 ἱλαροῦ
1005 2065 1067 2122 τοῦ
1081 2046 1261 2141 προσώπου
1277 2076 1377 2142 προσ·

56 2161 61 2238 j
124 2161 285 2242 φέρεσθαι.
330 2157 349 2243 ἢ
376 2167 579 2239 βιωτικῶς
606 2156 687 2228 κατὰ
715 2168 846 2244 μίμησιν
874 2168 936 2226 τοῦ
956 2167 1042 2240 βίου,
1071 2165 1125 2224 ἱνα
1147 2158 1188 2226 ἂν
1215 2164 1275 2238 μέν
1296 2157 1377 2226 δπά-

46 2336 48 2338 ,
123 2285 222 2326 κειται
243 2265 357 2343 γέρων,
378 2261 587 2344 μιμησαίμεθα
608 2259 667 2346 τήν
690 2261 804 2346 φωνήν
826 2271 891 2328 του”
912 2265 1082 2344 γέροντος·
1114 2265 1142 2326 εί
1162 2265 1195 2326 δέ
1216 2259 1308 2343 γυνή,
1328 2288 1377 2341 μι-

73 2373 116 2422 ¹25
126 2358 301 2444 μησῶμεθα
315 2361 373 2446 τήν
389 2361 503 2447 φωνήν
517 2372 574 2446 τῆς
587 2363 750 2445 γυναικός
796 2368 935 2447 διαφέρει
951 2368 983 2429 δέ
1005 2368 1170 2441 κωμωιδία
1184 2366 1376 2446 τραγωιδίας

125 2460 175 2529 δτι
197 2461 216 2546 η
238 2469 412 2547 τραγωιδία
435 2469 581 2549 ἱστορίαν
603 2467 663 2548 ἔχει
680 2464 734 2532 καί
750 2467 946 2548 άπαγγελίαν
968 2462 1119 2548 πράξεων
1140 2468 1333 2545 γενομένων,
1356 2463 1375 2546 ἱγ

125 2570 157 2644 δέ
179 2571 343 2644 κωμωιδία
365 2564 535 2645 πλάσματα
558 2571 690 2652 περιέχει
711 2576 875 2647 βιωτικῶν
897 2563 1105 2650 πραγμάτων.

208 2774 237 2832 p.
251 2758 346 2834 746,1
368 2759 543 2836 τραγωιδία
557 2758 680 2834 λέγεται
695 2753 734 2820 τὰ
749 2763 817 2819 τῶν
831 2762 993 2837 τραγικῶν
1009 2749 1181 2836 ποιήματα,
1202 2751 1246 2830 ὡς
1260 2749 1300 2817 τὰ
1315 2760 1377 2817 τοῦ
1427 2801 1431 2810 .

123 2850 302 2936 Εὐριπίδου
321 2862 375 2920 καί
391 2861 602 2936 Σοφοκλέους
619 2862 673 2921 καί
690 2852 854 2937 Αἰσχύλου
871 2861 925 2920 καί
942 2863 1010 2919 τῶν
1027 2851 1206 2920 τοιούτων·
1227 2851 1376 2934 γεγόνασι

46 3018 48 3024 ,
83 2967 114 3018 30
125 2960 157 3020 δέ
175 2951 267 3022 οὗτοι
286 2957 338 3021 έπί
352 2965 420 3022 τῶν
435 2954 568 3040 χρόνων
586 2965 653 3022 τῶν
666 2956 849 3041 Ἀθηναίων.
875 2962 1021 3039 τραγικοί
1037 2960 1069 3021 δέ
1085 2953 1176 3032 ὄντες
1192 2962 1246 3020 καί
1261 2958 1376 3021 θέλον·
1436 3035 1439 3042 ¹

124 3082 175 3136 τες
197 3048 336 3138 ῶφελεῖν
357 3083 463 3183 κοινηι
479 3056 556 3137 τοὺς
570 3067 627 3141 τῆς
642 3057 778 3139 πόλεως,
801 3054 1110 3182 παραλαμβάνοντές
1132 3081 1222 3134 τινας
1244 3054 1377 3139 άρχαίας

126 3164 268 3244 ἱστορίας
289 3169 358 3226 τῶν
377 3158 497 3244 ἠρῶων
521 3157 654 3242 ἐχούσας
676 3158 765 3243 πάθη
788 3156 875 3241 τινά,
897 3156 1002 3224 ἔσθ’(
982 3183 1035 3224 οτε
1056 3165 1111 3224 καί
1132 3155 1322 3276 θανάτους
1321 3164 1376 3223 καί

62 3344 65 3348 ⁸
124 3259 279 3347 θρήνους,
301 3264 336 3328 έν
357 3258 499 3345 θεάτρωι
520 3273 622 3329 ταῦτα
645 3266 869 3329 ἐπεδείκνυντο
897 3276 966 3338 τοῖς
988 3259 1090 3343 δρῶσι
1111 3267 1165 3326 καί
1187 3234 1376 3339 α’κοάοάσιν,

89 3361 361 3442 ἐνδεικνύμενοι
382 3361 690 3447 παραφυλάττεσθαι
710 3362 749 3430 τὸ
772 3359 974 3444 ἁμαρτάνειν.
1015 3360 1095 3426 εί
1062 3388 1122 3445 γαρ
1144 3387 1176 3428 οι
1167 3367 1376 3445 τηλικοῦτοι

83 3463 225 3550 35ἥρωες
257 3475 392 3533 τοιαῦτα
420 3467 571 3548 ἔπασχον,
604 3463 799 3550 δηλονότι
785 3463 1022 3547 αμαρτημάτων
1052 3462 1164 3542 αὐτοῖς
1192 3487 1378 3546 προυπηργ-

124 3572 241 3645 μένων.
271 3565 376 3633 πόσωι
401 3577 528 3646 μᾶλλον
556 3566 643 3650 ἡμεῖς
671 3573 725 3632 καί
754 3571 786 3633 οἱ
811 3566 888 3631 καθ’
903 3555 990 3649 Ιἡμᾶς
1012 3563 1251 3650 ἁμαρτήσαντος
1273 3561 1377 3630 πεισό-

200 3860 227 3909 7
250 3859 283 3906 of.
301 3857 342 3906 Et.
359 3858 395 3906 M.
415 3859 498 3918 764,1
522 3856 592 3906 inira
607 3872 632 3908 n.
651 3856 676 3906 V
769 3858 801 3907 10
827 3858 873 3906 καί
896 3857 1028 3923 φευκτέον
1048 3858 1093 3904 καί
1117 3848 1258 3917 δύσβατον
1279 3852 1374 3916 impor-

124 3947 216 3992 tunum
233 3930 436 3992 additamentum
507 3943 606 3993 17-27
624 3957 674 3992 om.
688 3941 720 3991 W
737 3947 764 3991 et
780 3944 810 3989 ut
822 3939 926 3990 videtur
938 3940 969 4000 D,
992 3941 1093 3991 21-27
1111 3939 1189 3988 habet
1200 3939 1279 3988 etiam
1296 3939 1379 3989 oodex

124 4027 308 4090 Borooeianus
320 4027 379 4089 116)
396 4039 412 4075 a
429 4025 573 4077 Gaisiordio
589 4027 721 4076 adhibitus
738 4025 771 4074 ad
782 4024 924 4088 Hephaest.
936 4023 976 4075 ed.
988 4024 1071 4075 Oxon.
1084 4025 1099 4073 2
1112 4023 1125 4071 Ι
1137 4039 1163 4087 p.
1175 4025 1225 4075 378
1284 4024 1315 4074 21
1336 4017 1380 4072 δεῖ

126 4106 159 4175 δή
178 4110 267 4161 οδνΒ
352 4111 562 4176 ὑποκρινομένῳ
579 4113 615 4162 B:
642 4112 815 4176 ὑποκειμένῳ
832 4108 860 4157 Η
882 4165 885 4172 ,
947 4110 979 4158 22
1003 4103 1086 4176 γέίωε
1103 4112 1128 4156 et
1145 4110 1191 4157 καί
1209 4101 1377 4157 πολλοστοῦ

125 4198 279 4263 προσώπου
297 4193 470 4263 φίρεσθαιΒ
522 4197 555 4246 26
574 4190 736 4264 ἐπαγγελίαν
754 4195 819 4244 codd
872 4195 974 4244 28-44
990 4194 1083 4242 desunt
1099 4192 1128 4241 in
1147 4192 1202 4242 ood.
1213 4192 1326 4243 Darmst.
1334 4191 1376 4252 W,

123 4281 261 4331 ooniunota
277 4280 341 4330 hooo
357 4279 385 4327 in
402 4279 457 4329 cod.
475 4280 590 4329 Burbon.
607 4295 666 4330 oum
684 4280 781 4329 scholio
797 4278 929 4329 Diomedia
950 4277 1082 4343 qimillimo
1102 4278 1134 4326 δε
1152 4277 1282 4326 comoedia
1298 4293 1325 4341 p.
1344 4278 1376 4328 12

193 4366 227 4417 30
246 4370 304 4415 τῶν
319 4354 479 4428 Ἀθηναίων
496 4370 644 4428 suspectum
705 4368 737 4417 31
757 4357 1023 4430 παραίαμβιίνοντεε
1038 4361 1070 4425 D,
1093 4357 1282 4428 λαμβάνοντες
1298 4360 1326 4409 Η
1402 4389 1404 4393 -

126 4451 159 4501 35
177 4451 277 4517 ἁμαρτ.
297 4449 390 4499 advolo
406 4465 508 4515 προνπ.
526 4449 563 4499 D:
581 4451 788 4518 ἁμαρτήσαντος
804 4448 831 4497 H
