3150 5018
644 277 823 332 murouur
841 278 940 333 urum
1356 286 1417 346 163

574 454 747 517 ΠΑΙΔΙΚΑ
771 452 1005 527 nomam}

248 561 338 618 Schol.
355 562 468 618 Nicaud.
486 563 566 620 Ther.
580 569 628 620 179
647 561 681 622 τὸ
700 566 730 623 δὲ
747 563 897 637 ποιφύζειν
915 605 942 621 ..
960 567 1071 639 λέγεται
1089 607 1117 623 ..
1134 566 1181 626 ἐπὶ
1199 576 1252 628 τοῦ
1270 571 1418 647 ἐκφοβεῖν,

161 641 202 713 ώς
224 645 361 719 Σώφρων
382 645 415 704 ἐν
440 650 550 719 Μίμοις
572 651 692 707 Παιδικὰ
716 657 862 722 ποιφυξεῖς
885 652 1027 718 (παιδικὰς
1045 650 1191 723 ποιφύξεις
1208 657 1253 711 vel
1271 655 1419 731 ποιφύζεις

160 732 251 798 ardu),
277 748 335 787 non
351 731 419 789 haec
435 750 470 790 ex
486 734 635 791 Athenaeo
657 735 755 791 hausta
777 741 814 802 (v.
832 737 868 791 ad
890 737 923 791 fr.
943 741 993 803 50),
1020 738 1054 794 ef.
1071 739 1225 795 Meinekius
1243 743 1279 797 ad
1296 743 1418 812 Euphor.

158 817 193 872 fr.
207 821 265 872 196.
299 817 419 889 Hesyah.
437 812 593 891 ποιφύξεις·
611 817 791 893 ἐκφοβήσας.
825 821 922 876 titulus
938 821 1055 878 fortasse
1071 840 1128 879 non
1140 824 1254 895 integer,
1272 829 1418 897 requiritur

160 904 243 958 etiam
260 901 295 960 τοὶ
315 901 431 963 παιδικὰ
450 926 479 963 π,

625 1031 665 1092 50
688 1031 720 1103 (5
735 1027 811 1092 Ahr.
836 1032 875 1092 70
891 1031 946 1106 Bo)

406 1153 536 1228 τρίγλας
557 1152 616 1224 μὲν
638 1150 764 1230 γένηον,
787 1144 921 1230 τριγόλα
944 1146 979 1212 δ’
1001 1146 1173 1216 ὀπισθίδια.

245 1260 349 1315 Athen.
362 1261 415 1317 VH
433 1263 505 1317 324f
527 1260 559 1320 ἐν
576 1266 606 1321 δὲ
623 1267 675 1320 τώι
694 1261 928 1335 ἐπιγραφομένωι
947 1261 1066 1322 Παιδικὰ
1091 1269 1237 1335 ποιφυξεῖς
1253 1269 1341 1328 (παιδί
1359 1287 1416 1324 καο

160 1350 290 1416 ποιφοξὶς
301 1345 364 1411 aod)
382 1350 452 1420 φησί
469 1347 615 1417 {Sophrum
628 1341 759 1420 ιτρίγλας
776 1340 804 1404 τ’
823 1367 908 1419 ενηον
925 1343 1187 1421 τριγολαπισθίδια’
1206 1356 1234 1405 at
1245 1351 1337 1418 paullo
1352 1358 1416 1420 post

163 1427 286 1503 Τρύφων
303 1435 388 1502 φησίν
405 1431 438 1490 ἐν
455 1443 516 1500 τοῖς
531 1437 602 1506 Περὶ
619 1428 714 1501 ζώιων
731 1431 784 1488 τὸν
801 1429 940 1504 τριγόλαν
958 1428 1037 1499 τινὰς
1055 1429 1169 1490 οίεσθαι
1186 1425 1315 1507 κόκκυγα
1334 1431 1415 1502 εἶναι,

159 1513 205 1575 διό
223 1537 254 1575 τε
273 1516 308 1574 τό
326 1517 449 1591 ἐμφερὲς
470 1521 519 1575 καί
537 1514 665 1587 τὴντῶν
683 1511 827 1575 ὀπισθίων
844 1515 999 1590 ξηρότητα,
1022 1512 1056 1590 ἣν
1074 1520 1262 1591 σεσημείωται
1282 1513 1298 1575 ὃ
1318 1524 1352 1576 Σ.
1370 1521 1414 1576 λέ-

159 1623 221 1674 γων
234 1596 365 1674 ιτρίγλας
381 1603 435 1673 μέν
451 1622 485 1674 γε
502 1604 615 1668 πίονας,
631 1598 752 1677 τριγόλα
770 1596 799 1658 δ’
819 1595 981 1659 όπιοθίαν’.
1017 1603 1175 1658 emendavit
1192 1603 1312 1658 Ahrens.

529 1797 693 1860 *ΠΡΟΜΑ
702 1801 811 1860 om
837 1814 866 1855 v.
889 1793 927 1854 ad
949 1793 985 1856 fr.
1002 1797 1041 1856 51

680 1933 744 1992 *51
766 1933 822 2009 μυ
837 1930 892 2006 uo)

244 2047 373 2102 Antiatt..
385 2045 474 2101 Bekk.
486 2049 528 2111 85,
540 2050 573 2099 24
595 2040 785 2115 βλενίν)όν’
810 2039 864 2100 τὸν
881 2047 962 2114 νωθῆ
978 2046 1027 2099 καί
1043 2039 1153 2113 μωρόν.
1187 2039 1322 2116 Σώφρων
1335 2049 1412 2119 Προ-

157 2136 251 2202 μηθεῑ.
287 2139 336 2187 aut
351 2130 530 2200 Epicharmus
548 2130 590 2197 (fr.
604 2135 663 2197 119)
685 2129 870 2187 nominandus
891 2135 950 2184 erat
970 2144 1021 2197 pro
1044 2128 1187 2197 Sophrona
1209 2135 1257 2183 aut
1278 2125 1412 2202 Σώφρων

158 2217 224 2286 (καί
239 2214 427 2288 Ἐπίχαρμος)
445 2220 537 2289 Προμ.
556 2216 728 2271 scribendum
746 2232 807 2270 uum
824 2213 946 2283 Bergkio
964 2213 1035 2267 Hist.
1053 2213 1104 2267 litt.
1122 2229 1162 2282 gr.
1180 2215 1220 2270 IV
1237 2219 1279 2281 40,
1291 2220 1333 2269 11.

572 2405 780 2470 VIRILIVM
803 2404 993 2467 INOERTA

243 2522 333 2590 primu
349 2523 411 2578 loco
434 2523 556 2591 quinque
572 2522 654 2591 posui
671 2520 825 2591 fragmenta
845 2537 879 2577 ex
897 2521 1007 2586 eodem,
1028 2526 1060 2574 ut
1076 2519 1194 2584 videtur,
1216 2520 1300 2574 mimo
1317 2521 1412 2589 petita,

158 2605 202 2659 eui
219 2614 313 2675 aptum
329 2606 557 2664 Wilamowitzius
574 2623 676 2663 nomeu
693 2606 802 2661 invenit
819 2605 969 2674 Γίροντες.

607 2766 670 2826 *52
694 2765 725 2841 (6
740 2762 815 2824 Ahr.
840 2765 880 2825 79
895 2764 950 2839 Bo)

202 2879 316 2945 ἐνθάδε
339 2877 386 2946 ών
408 2879 496 2965 κήγὼ
524 2879 601 2963 παρ’
623 2879 682 2958 hu}
704 2878 782 2958 τοὺς
804 2877 933 2962 ὄτριχας
955 2882 1161 2959 ἐξορμίζομαι
1187 2877 1294 2945 πλόον
1317 2879 1410 2947 δοκοί-

201 2990 285 3063 ζων·
313 2991 463 3048 ποντίναι
486 2981 546 3065 γὰρ
568 2981 627 3065 ἤδη
649 2997 718 3060 τοῖς
740 2986 923 3047 ταλικοῖσόε
944 2987 996 3046 ταί
1017 2979 1164 3064 ἄγκυραι.

236 3115 393 3172 Demetu’us
405 3117 440 3172 de
452 3118 519 3174 eloe.
533 3121 580 3171 151
600 3111 695 3186 ἔχουσι
707 3114 737 3172 δέ
755 3135 783 3172 τι
794 3111 944 3183 στωμύλον
961 3117 1009 3170 καί
1027 3107 1195 3186 α’λληγορίαι
1213 3116 1294 3181 τινές,
1313 3106 1412 3186 όίοπερ

157 3302 185 3339 v.
200 3288 231 3339 19
249 3279 265 3355 ᾗ
284 3284 314 3342 δὲ
330 3281 448 3358 τοιαύτη
466 3281 594 3358 συγκοπὴ
608 3285 743 3358 Δωριέων
760 3283 851 3342 ἐστίν·
873 3281 978 3342 ἐκεῖνοι
996 3279 1052 3356 γὰρ
1070 3279 1138 3349 τοὺς
1156 3276 1315 3353 όμότριχας
1334 3277 1411 3352 ότρι·

156 3370 210 3442 χοίς
228 3388 299 3440 φασι
315 3375 376 3426 κτλ.

243 3450 314 3511 ἔνθα
329 3455 395 3512 δέον
412 3463 440 3511 et
458 3450 616 3528 ὃμότριχας
627 3457 692 3511 eod:
710 3453 901 3511 IGSchneider
963 3455 1096 3510 ποντίναι
1109 3459 1277 3522 corruptum:
1296 3446 1411 3507 πόντιαι

157 3540 271 3607 GaleuS,
292 3540 455 3596 adsensum
473 3541 620 3611 requiritur
635 3540 714 3595 velut
735 3538 830 3596 πλόον
851 3544 873 3595 δ.
893 3534 1041 3608 πόντκον·
1067 3532 1181 3610 devehat
1203 3531 1260 3608 γὰρ
1282 3539 1341 3592 κτλ.

156 3642 190 3679 ex
211 3625 264 3681 hoc
282 3625 433 3695 Sophronis
455 3625 517 3680 Ιοοο
538 3625 727 3681 adumbratam
749 3624 866 3694 putabat
887 3624 1115 3679 Wilamowitzius
1137 3622 1265 3678 fabellam
1289 3621 1323 3676 da
1345 3619 1411 3688 Epi·

155 3710 265 3765 charmo
283 3717 418 3765 narratam
436 3710 471 3765 ab
489 3710 610 3766 Aeliano
627 3727 686 3765 var.
703 3710 730 3764 h.
749 3710 776 3763 11
794 3714 836 3763 34.

606 3853 669 3913 *53
694 3852 725 3926 (a
741 3849 816 3912 Ahr.
840 3853 880 3911 81
897 3850 951 3927 uo)

197 3976 376 4049 κνυζοῦμαι
399 3972 432 4033 δὲ
455 3967 550 4034 οὐδὲν
573 3964 710 4047 ἰσχύων·
733 3967 753 4033 ἃ
777 3972 809 4032 δὲ
832 3967 936 4047 ξυσμίι
960 3971 994 4032 ἐκ
1016 3966 1117 4046 ποδὸς
1141 3973 1184 4046 εἰς
1205 3961 1351 4045 κεφαλὰν

198 4067 373 4152 ίπποίζεται.

234 4185 326 4257 Etym.
339 4183 451 4254 genuin.
464 4183 517 4248 (Et.
529 4183 565 4236 M.
578 4189 636 4250 522,
647 4188 689 4250 54)
708 4181 817 4256 εἴρηται
835 4183 865 4241 δὲ
882 4188 1003 4253 κνυζοῦν
1021 4179 1055 4240 τὸ
1075 4178 1149 4251 ξύειν
1167 4179 1246 4254 παρὰ
1260 4185 1409 4255 Δωριεῦσι,

153 4275 203 4329 καί
228 4269 263 4327 τό
286 4262 423 4341 α’χρειούν
445 4275 474 4324 et
494 4263 529 4326 τὸ
552 4269 582 4326 δὲ
603 4268 697 4339 κνύζω
720 4270 747 4335 (l.
767 4272 871 4336 κνυζώ)
898 4271 1028 4340 σημαίνει
1050 4262 1245 4334 πολλάκιςτί)
1269 4264 1342 4333 ξύειν
1365 4266 1409 4330 (cf.

154 4359 237 4414 Hom.
249 4376 267 4412 ν
283 4357 353 4422 401),
377 4348 417 4420 ὥς
439 4349 518 4424 παρὰ
538 4350 677 4428 Σώφρονι
699 4353 732 4412 ἐν
750 4356 860 4423 Μίμοις
883 4347 947 4409 οίον
966 4347 1116 4422 ικνύζομαι
1139 4345 1222 4410 σύδὲν
1239 4346 1357 4423 ἰσχύων’
1375 4390 1382 4406 .
1401 4391 1407 4405 .

150 4436 342 4516 Ιίίρωιδιανός.
376 4440 421 4495 Et.
440 4438 511 4495 Gud.
529 4440 660 4507 similiter,
682 4448 740 4496 tum
759 4438 894 4511 Σώφρων
907 4432 1057 4506 ικνύζομαι
1075 4437 1105 4495 δὲ
1124 4431 1320 4577 ούῙιίΙὲ*ίοχύων,
1342 4431 1360 4495 ἆ
1379 4437 1409 4494 δὲ
