3150 5018
581 284 787 349 [snlxrehor]
806 284 976 341 noluntas
1343 285 1404 344 133

151 445 304 527 οἷβριότοος
328 449 463 524 όμφακας
483 450 676 511 κλεπτόντων.
705 455 843 526 μέμνηται
865 450 968 527 ταύτης
989 447 1028 512 'E
1052 454 1133 511 Phot.
1151 473 1174 511 6.
1191 474 1219 511 v.
1294 456 1407 512 Crusius

149 539 250 596 Philol.
262 539 319 595 vol.
332 538 420 608 suppl.
432 538 473 593 VI
485 542 535 593 290
553 539 645 594 attulit
660 539 765 595 Athen.
778 540 845 595 XIV
857 540 935 595 6216
953 536 1031 611 παρὰ
1050 540 1080 597 δὲ
1097 543 1335 609 Λακεδαιμονίοις
1351 562 1406 598 κοι-

149 629 234 697 μικῆς
250 627 365 690 παιδιᾶς
381 614 417 696 ἦν
434 643 476 690 τις
493 613 606 697 τρόπος
623 622 755 691 παλαιός,
773 615 813 690 ιός
830 643 897 696 φησι
911 625 1069 696 Σωσίβιος,
1089 617 1141 682 οόκ
1158 621 1232 697 όγαν
1249 630 1407 693 σπουδαῖος

150 751 156 764 .
176 750 183 765 .
201 708 330 781 ἐμιμεῖτο
348 704 405 782 γάρ
422 729 465 775 τις
482 706 513 765 έν
525 701 633 767 εὐτελεῖ
649 713 693 781 τῆι
711 708 783 776 λέξει
799 704 977 775 κλέπτοντάς
993 729 1072 775 τινας
1089 702 1218 783 όπαόραν,
1236 727 1307 779 quae
1323 712 1406 768 valdo

149 797 283 852 incertum
301 811 368 851 num
385 795 421 852 ad
438 793 594 864 Epicharmi
612 810 722 850 versum
740 793 892 863 quidquam
908 795 1070 863 pertineant.

234 947 399 1018 Epicharmo
416 946 514 1004 tribuit
531 946 653 1002 Cobetns
671 947 753 1013 (Nov.
770 947 831 1002 lect
848 951 908 1012 126)
926 963 1036 1002 versum
1054 964 1071 1002 a
1087 948 1209 1004 Zenobio
1228 948 1306 1016 (Ath.
1318 949 1347 1004 11
1363 954 1405 1004 73.

148 1035 226 1104 vulg.
238 1034 278 1090 IV
289 1038 333 1102 35)
350 1033 481 1088 traditum
499 1035 615 1090 θᾶσσον
628 1025 643 1089 ό
656 1028 745 1098 τόκος
757 1026 932 1102 Ἡρακλείτιο
943 1032 1022 1102 (τιό)
1037 1034 1176 1104 Τεριναίιο
1193 1033 1296 1106 τρέχει,
1314 1050 1406 1089 emen·

148 1120 243 1175 datum
270 1119 336 1175 olim
362 1119 445 1174 etiarn
472 1134 489 1172 a
512 1115 646 1172 linckhio
674 1110 844 1189 (ἦρακλείτω
868 1136 1006 1187 περιναιω
1028 1117 1178 1183 traditum),
1204 1116 1238 1173 of.
1264 1118 1345 1172 Mein.
1368 1118 1404 1173 ad

149 1203 242 1274 Steph.
254 1204 286 1258 Β.
304 1220 331 1273 p.
343 1207 402 1257 ort.
436 1208 466 1257 at
483 1201 674 1271 genetivomm
692 1199 797 1256 formae
815 1201 850 1256 ab
865 1201 1028 1271 Epicharmo
1046 1203 1160 1269 alienae,
1178 1203 1279 1272 quibus
1295 1208 1405 1273 poterat

148 1289 259 1359 quidem
276 1287 401 1342 Rhintho
418 1284 472 1351 uti,
494 1284 544 1339 666
564 1285 663 1340 dubito
684 1284 748 1341 huic
764 1285 931 1341 trochaicum
953 1303 1063 1342 versum
1085 1288 1246 1343 adscribere.
1316 1286 1405 1356 magis

148 1380 230 1431 etiam
248 1374 337 1428 aliena
355 1387 426 1441 quae
443 1370 479 1425 ab
497 1369 652 1439 Apollonio
670 1370 705 1426 de
721 1386 800 1441 pron.
818 1386 845 1439 p.
858 1371 918 1425 orb
937 1371 982 1436 (66
1000 1373 1064 1427 adv.
1081 1390 1108 1442 p.
1122 1376 1179 1427 583.
1214 1379 1286 1444 synt
1304 1390 1331 1442 p.
1345 1376 1403 1434 156)

147 1460 239 1515 adlata
265 1449 321 1515 ὧτε
341 1459 475 1529 χερνοῖτις
497 1450 568 1525 mi
593 1449 674 1512 οὐδὲν
695 1455 935 1527 προμαθιοομένα
962 1456 1117 1525 Epicharmi
1139 1473 1200 1513 esse
1222 1457 1405 1512 arbitrabatur

147 1544 241 1614 Bergk
258 1543 305 1598 PL
322 1543 375 1597 ΠΙΔ
392 1558 420 1611 p.
433 1544 491 1595 742.
560 1539 684 1609 vulgaris
701 1557 798 1596 versus
819 1535 899 1612 Φρὺξ
913 1533 987 1614 ἀνὴρ
1005 1545 1119 1614 πληγείς
1136 1535 1264 1612 ἀμείνων
1281 1544 1329 1598 καί
1347 1546 1404 1598 δια·

146 1630 321 1703 κονέστερος
339 1627 424 1690 (Suid
444 1621 531 1698 Φρύξ)
552 1640 601 1679 cur
617 1624 780 1694 Epicharmo
802 1626 938 1682 tribuatur
957 1626 1086 1682 idoneam
1108 1644 1217 1683 causam
1239 1644 1297 1682 non
1319 1627 1403 1682 video

147 1714 252 1782 (16169
271 1712 351 1775 ΑΙα).
387 1711 422 1767 ci.
441 1711 553 1766 Orosius
575 1710 698 1779 Disquis.
716 1711 752 1765 ad
769 1710 908 1766 Herodem
926 1728 952 1780 p.
971 1715 1012 1766 49.
1082 1712 1169 1767 abieci
1191 1712 1310 1782 denique
1333 1728 1404 1781 quae

146 1818 204 1857 non
221 1799 275 1854 nisi
292 1813 383 1854 errore
395 1795 551 1866 Epicharmi
568 1796 680 1851 nomine
697 1796 828 1865 inscripta
844 1796 909 1851 ferri
926 1796 973 1850 alii
990 1805 1062 1853 recte
1079 1799 1272 1854 intellexerunt
1289 1796 1403 1864 (Athen.

146 1886 175 1941 11
192 1890 257 1940 63c.
288 1883 365 1939 Stob.
382 1881 412 1936 fl.
431 1884 473 1947 68,
485 1885 510 1934 9.
533 1883 725 1948 69,1“1.81,”ί.
747 1885 840 1948 90,8):
868 1898 939 1951 quae
959 1881 1031 1937 inter
1052 1883 1216 1938 incertomm
1238 1883 1403 1937 comicorum

146 1969 277 2040 reliquias
293 1969 379 2024 relata
395 1967 530 2022 invenies.

594 2191 958 2256 ΨΕΥΔΕΠΙΧΑΡΜΕΙΑ

231 2323 387 2393 Epicharmi
405 2322 558 2378 fabularum
570 2322 701 2390 reliquiae
718 2322 812 2390 paucis
824 2323 945 2391 exceptis
957 2339 1053 2378 omnes
1064 2325 1301 2393 grammaticorum
1319 2340 1404 2393 opera

146 2415 271 2465 servatae
294 2415 370 2475 sunt,
393 2407 440 2478 qui
463 2407 524 2462 sive
545 2406 652 2476 glossas
670 2406 774 2460 Siculas
798 2406 858 2462 sive
880 2407 1013 2463 sermonis
1035 2409 1141 2477 antiqui
1163 2409 1321 2465 testimonia
1341 2409 1403 2464 sive

145 2493 282 2549 vocabula
304 2510 365 2548 rara
386 2500 415 2548 et
437 2491 562 2548 obsoleta
588 2491 648 2545 sive
669 2490 772 2545 formas
796 2491 913 2546 dialecto
937 2493 1168 2564 Syracusanomm
1190 2494 1315 2564 proprias
1342 2495 1403 2549 sive

146 2578 264 2648 denique
286 2577 434 2647 proverbia
456 2593 490 2632 ex
513 2577 595 2632 docta
616 2575 783 2644 Apollodori
809 2577 930 2633 editione
953 2578 1099 2648 diligenter
1120 2579 1295 2649 collegerunt
1331 2595 1402 2647 quae

145 2671 286 2732 praetcrea
307 2662 487 2732 Epicharmea
507 2666 694 2716 memorantur
715 2662 854 2729 quaeritur
874 2663 1064 2731 Epicharmine
1086 2663 1142 2719 sint
1163 2679 1259 2719 revera
1280 2664 1401 2733 itemque

143 2766 210 2804 num
232 2765 248 2804 e
270 2747 372 2803 fabulis
393 2747 487 2816 petita
523 2745 727 2815 Apollodorus,
755 2746 802 2814 qui
824 2747 878 2801 aori
901 2747 1011 2813 iudicio,
1037 2757 1069 2804 ut
1090 2765 1140 2818 par
1161 2755 1216 2815 est,
1242 2749 1364 2818 genuina
1385 2766 1402 2805 a

145 2834 245 2904 spuriis
263 2847 402 2889 secernere
420 2830 533 2896 studuit,
551 2828 619 2885 haec
635 2829 692 2885 fere
709 2831 824 2886 tradidit
836 2832 948 2897 (Athen.
961 2834 1028 2888 XIV
1040 2837 1089 2887 646
1099 2833 1139 2899 dl:
1158 2829 1210 2905 τὴν
1226 2834 1280 2903 μὲν
1297 2831 1402 2903 ἡμίναν

145 2918 173 2976 ol
190 2918 226 2976 τὰ
245 2917 286 2985 είς
302 2911 482 2989 Ἐπίχαρμον
500 2909 705 2989 όναφερόμενα
723 2912 870 2986 ποιήματα
887 2914 1077 2990 πεποιηκότες
1096 2915 1189 2975 οίόαοι
1205 2913 1261 2977 κόν
1278 2923 1330 2976 τῶι
1349 2921 1401 2975 Χί·

144 3023 214 3078 ρωνι
232 3000 466 3077 έπιγραφομένωι
487 2991 575 3058 odron
592 2999 702 3072 λέγεται
722 2995 784 3057 (καί
801 3011 876 3059 πιεῖν
892 2993 969 3077 {lump
987 3000 1136 3061 διπλάσιον
1151 3000 1282 3075 χλιαρόν,
1300 2998 1402 3076 ἡμίνας

142 3082 216 3146 6όοῖ
251 3082 287 3145 τόι
305 3087 335 3144 δέ
357 3081 602 3160 Ψεοόεπιχοὶρμεια
620 3089 711 3142 ταῦτα
731 3075 776 3143 ότι
795 3083 986 3159 πεποιήκασιν
1003 3086 1105 3162 ἄνδρες
1122 3084 1230 3156 ένόοξοι
1248 3084 1399 3163 Χρυσόγο-

143 3170 195 3240 νός
215 3193 248 3231 τε
272 3165 288 3230 ὃ
311 3164 444 3243 αὐλητής,
471 3159 511 3237 ιός
535 3190 620 3242 φησιν
637 3164 830 3241 Ἀριστόξενος
851 3170 883 3228 έν
907 3167 1013 3244 όγόόιοι
1033 3178 1193 3231 Πολιτικῶν
1216 3171 1324 3244 νόμιον,
1348 3169 1399 3247 τὴν

144 3262 297 3316 Πολιτείαν
319 3254 559 3328 ἐπιγραφομένην.
597 3253 761 3329 Φιλόχορος
785 3253 814 3313 δ’
830 3256 863 3314 έν
887 3267 949 3324 τοῖς
975 3263 1043 3332 Περὶ
1065 3263 1202 3330 μαντικῆς
1223 3253 1399 3326 Ἀξιόπιστον

142 3339 196 3401 τὸν
215 3338 273 3400 εἴτε
290 3338 411 3413 Λοκρὸν
427 3341 512 3414 γένος
535 3337 593 3398 είτε
611 3338 771 3398 Σικυώνιον
792 3338 845 3399 τὸν
864 3340 982 3400 Κανόνα
1005 3347 1053 3401 καί
1071 3340 1123 3411 τὰς
1139 3340 1263 3414 Γνιόμας
1283 3363 1399 3416 πεποιη-

141 3427 222 3486 κέναι
239 3429 334 3501 φησίν.
368 3444 426 3483 non
443 3443 529 3482 unum
547 3426 633 3496 igitur
649 3426 698 3481 sed
716 3427 855 3495 complura
872 3429 992 3483 carmina
1008 3445 1095 3499 eaque
1107 3436 1268 3499 argumento
1286 3429 1358 3485 inter
1369 3445 1399 3485 se

142 3514 253 3570 diversa
277 3512 345 3569 satis
370 3511 485 3580 antiquo
512 3518 636 3581 tempore
661 3511 817 3581 Epicharmi
843 3514 954 3568 nomine
979 3513 1050 3568 falso
1076 3515 1207 3583 inscripta
1232 3514 1398 3569 ferebantur.

141 3615 198 3654 non
222 3598 336 3654 dubium
359 3596 445 3667 igitur
470 3596 537 3666 quin
560 3596 645 3651 ieiuni
666 3597 706 3651 illi
730 3605 758 3652 et
774 3605 872 3655 tenues
888 3599 1015 3654 versiculi
1039 3615 1109 3668 quos
1131 3600 1255 3655 servavit
1272 3599 1398 3655 Clemens

140 3684 224 3739 Alere
243 3682 381 3739 Strom.V
400 3686 448 3737 119
475 3677 503 3746 (ό
526 3680 654 3751 κωμικὸς
675 3675 850 3755 Ἐπίχαρμος
873 3682 905 3741 ἐν
929 3689 972 3755 τῆι
991 3686 1148 3755 Πολιτείαν)
1174 3702 1191 3740 a
1213 3685 1398 3756 Chrysogono

139 3769 253 3824 tibicine
269 3767 336 3824 facti
354 3766 417 3833 sint,
438 3767 456 3820 i.
468 3782 492 3821 e.
510 3774 627 3821 exeunte
645 3767 753 3823 sacculo
772 3769 869 3837 quinto
886 3768 1001 3835 (Athen.
1018 3769 1074 3823 XII
1092 3775 1141 3824 636
1151 3770 1178 3825 6.
1213 3769 1398 3825 Wilamowitz

139 3854 233 3923 Eurip.
251 3852 381 3908 Heracles
398 3853 413 3906 Ι
431 3857 483 3918 30),
510 3851 557 3920 qui
574 3868 672 3908 versus
693 3854 716 3908 si
739 3869 854 3922 quaeras
876 3870 1021 3923 quemnam
1043 3855 1072 3908 in
1095 3854 1165 3909 libro
1189 3855 1225 3910 de
1246 3854 1399 3923 Repubhca

140 3940 230 3994 locum
253 3937 412 4003 habuerint,
435 3937 617 4006 explicabitur
637 3937 691 3994 hoc
709 3938 810 3993 Critiae
828 3939 962 4007 exemplo,
987 3939 1033 4008 qui
1052 3939 1162 4008 quidem
1186 3941 1322 3995 simillime
1339 3956 1397 3995 rem

139 4022 267 4078 instituit.
303 4020 432 4076 Chironis
454 4022 593 4088 carminis,
616 4027 693 4078 cuius
714 4039 800 4077 unum
822 4023 955 4079 habemus
978 4032 1052 4079 certo
1076 4025 1234 4080 testimonio
1256 4025 1397 4080 firmatum

140 4124 264 4173 versum,
281 4122 339 4161 uon
349 4111 444 4175 potest
461 4105 574 4162 dubium
593 4123 653 4163 esse
670 4115 873 4178 argumentum:
891 4109 971 4165 facile
989 4110 1142 4179 adgnosces
1159 4111 1280 4166 centauri
1297 4110 1397 4166 medici

138 4199 285 4262 praecepta
311 4191 347 4246 ad
370 4190 486 4246 Hesiodi
513 4192 666 4262 exemplum
692 4193 825 4248 instituta.
861 4192 914 4249 hoc
937 4210 1045 4251 carmen
1068 4203 1100 4251 ut
1122 4196 1298 4252 subditicium
1321 4202 1397 4251 certo

138 4278 193 4334 fuit
217 4277 257 4332 ita
282 4291 318 4331 ne
343 4275 412 4330 illud
438 4277 550 4345 quidem
576 4278 702 4334 dubitare
728 4279 862 4334 debebam
891 4280 1039 4344 (Athenaei
1057 4283 1113 4337 vol.
1131 4282 1173 4336 III
1190 4299 1217 4351 p.
1236 4287 1304 4348 613),
1329 4298 1396 4337 num

139 4361 332 4432 Apollodoms
348 4359 421 4415 iuter
437 4361 530 4430 spuria
547 4365 703 4419 rettulisset.
734 4364 873 4419 Canonem
886 4366 939 4420 msi
952 4382 968 4420 a
979 4365 1145 4422 Philochoro
1162 4367 1266 4423 anullo
1284 4376 1396 4424 auctore

138 4453 318 4503 memoratum
335 4445 474 4513 novimus,
491 4462 582 4516 neque
598 4449 688 4518 ipsum
706 4465 807 4505 nomen
824 4450 863 4504 ita
880 4457 1066 4519 comparatum
1079 4458 1121 4506 est
1138 4460 1169 4508 ut
1186 4453 1221 4508 de
1233 4461 1396 4523 argumento
