3150 5018
717 282 869 332 ΤΖΕΤΖΑΕ
889 308 893 325 1

409 448 490 516 ὅταν
509 448 609 534 χορὸς
632 448 710 530 στας
731 477 762 516 τι
783 449 975 535 κατάρχεται
997 458 1111 535 λέγειν,

364 565 393 614 55
408 553 452 632 ὡς
474 549 610 636 δράματι
631 557 690 630 μέν
713 557 789 620 υίοῦ
816 558 942 636 θησέως
964 554 1078 638 γράφει
1100 556 1203 639 (Hipp.
1230 563 1301 638 120)

402 654 569 722 ιΩκεανοῦ
591 680 640 733 τις
661 651 751 738 ῦδωρ
774 653 937 736 στόζουσα
959 661 1059 740 πέτρα
1081 662 1203 739 λέγεται
1213 659 1230 743 ’,

408 764 462 822 καί
483 765 586 823 ταῦτα
608 765 746 835 πολλοῖς
766 757 803 821 έν
825 765 955 823 τελοῦσι
976 774 1046 838 τοῖς
1068 757 1189 842 λόγοις.

450 857 509 942 τὴν
531 861 697 938 ἐμμέλειαν
718 867 896 943 τοιγαροῦν
917 884 974 938 μοι
996 865 1142 930 λεκτέον·

409 959 466 1044 ἤδη
488 959 739 1045 προκοπτούσης
762 965 795 1027 δέ
817 968 874 1044 τῆς
896 969 1089 1045 τραγωιδίας

365 1075 394 1125 60
408 1061 466 1146 τὴν
489 1065 654 1145 ἐμμέλειαν
676 1058 770 1144 ἦιδον
793 1062 889 1146 ωἰδῆς
911 1090 942 1129 τι
964 1069 1071 1146 μέλος,

408 1163 466 1248 τὴν
488 1162 529 1246 ἣν
551 1162 568 1229 δ
592 1162 765 1247 Εὐκλείδης
785 1169 845 1242 μὲν
867 1163 1021 1245 ου’δαμῦς
1042 1165 1165 1251 γράφει.

449 1266 523 1347 μετ’
546 1270 711 1345 ἐμμέλειαν
733 1264 857 1344 κομμὸς
877 1262 920 1348 ἦν
941 1274 1130 1350 λελεγμένος

409 1367 513 1451 ἀκμὴν
535 1366 617 1452 πρὸς
640 1365 741 1450 αὐτὴν
762 1368 899 1452 ἠρμένης
921 1378 1128 1452 τραγωιδίας·

409 1467 506 1549 οὗτος
527 1476 547 1536 δ
554 1470 562 1493 '
584 1468 601 1535 ὃ
625 1466 749 1549 κομμὸς
770 1479 832 1536 τοῦ
852 1480 960 1554 χοροῦ
981 1481 1085 1539 τελῦν
1106 1479 1204 1555 μέλος

364 1585 393 1633 65
408 1571 597 1656 ῦποκριταῖς
618 1568 659 1654 ἦν
682 1570 727 1649 ὡς
749 1570 836 1642 πολὺ
860 1578 1076 1656 συνηγμένος·

406 1673 529 1753 κομμὸς
552 1679 584 1740 δέ
606 1671 735 1762 θρήνου
758 1673 1001 1759 πενθικωτερον
1024 1681 1134 1759 πλέον,

407 1774 425 1843 ὃ
447 1774 570 1859 θρῆνός
593 1779 658 1841 ἐστι
680 1775 715 1841 δ’
736 1774 947 1859 η’ρεμέστερον
968 1782 1073 1857 μέλος.

406 1874 532 1957 κομμὸν
555 1875 655 1945 πόλιν
677 1877 777 1957 ἄλλος
800 1881 833 1944 δέ
855 1904 904 1957 τις
926 1888 1052 1964 θρῆνον
1075 1885 1168 1964 λέγει,

405 1979 519 2046 κοινὸν
537 1988 643 2063 χοροῦ
665 1988 784 2063 σκηνῆς
805 2005 840 2046 τε
861 1979 1032 2062 τυγχάνειν
1055 1987 1169 2066 λέγων,

360 2094 390 2143 70
404 2088 458 2147 καί
478 2081 581 2148 τᾶλλα
603 2081 723 2148 ταῦτά·
744 2089 777 2147 τί
798 2081 1007 2163 πλατῦνομεν
1027 2082 1149 2167 λόγους
1155 2114 1168 2167 ,·

446 2183 487 2250 τὰ
508 2188 646 2269 τέσσαρα
668 2193 729 2252 νῦν
751 2193 814 2251 τοῦ
831 2193 938 2268 χοροῦ
959 2185 1077 2265 μαθων
1098 2193 1178 2273 μέρη

405 2284 464 2369 τὴν
486 2288 601 2365 έξοδον
622 2284 661 2353 τὸ
683 2291 830 2366 πέμπτον
852 2285 964 2371 ἀκροῶ
985 2294 1093 2373 μέρος,

405 2382 484 2471 ὅπερ
505 2388 579 2466 μετ’
602 2387 769 2467 ἐμμέλειαν
791 2391 879 2454 έστιν
901 2394 945 2468 είς
966 2396 1075 2472 τέλος·

405 2498 597 2574 τραγωιδίας
618 2491 653 2557 δ’
676 2490 805 2576 ὄρχησις
828 2489 909 2574 αῦτη
932 2493 1092 2575 τυγχάνει.

362 2606 391 2654 ’15
447 2597 526 2677 μέρη
545 2593 586 2659 τὰ
609 2602 722 2675 πρῶτα
744 2603 801 2677 τῆς
822 2601 1014 2677 τραγωιδίας
1036 2597 1147 2677 έγνως,

405 2693 464 2760 τὸν
487 2692 641 2777 σκηνικόν
662 2719 696 2760 τε
718 2702 772 2760 καί
792 2705 897 2780 χοροῦ
918 2701 1002 2779 λέγω
1029 2696 1165 2781 τρόπον,

406 2795 503 2876 ἄμφω
525 2821 560 2862 τε
580 2793 712 2862 τούτων
733 2793 793 2880 την
815 2803 931 2882 διπλῆν
953 2797 1057 2882 τομὴν
1079 2797 1189 2883 πόλιν,

406 2895 504 2979 ωἰδην
526 2894 608 2979 πρὸς
630 2895 733 2980 αὐτὴν
754 2897 838 2965 α’λλὰ
859 2906 914 2965 καί
937 2903 1025 2980 λέξιν
1047 2905 1141 2982 λέγω,
1204 2900 1207 2905 ’

405 3007 461 3084 της
482 3003 599 3079 λέξεως
621 3005 654 3065 δέ
675 3003 774 3083 μέτρα
796 3007 851 3066 καί
872 2999 932 3085 τὴν
954 3009 1118 3087 περίοδον,

362 3113 391 3164 80
405 3109 459 3168 καί
480 3100 539 3186 τὴν
560 3100 663 3185 τομὴν
683 3106 803 3186 μέτρου
826 3108 859 3168 δὲ
881 3102 941 3188 τὴν
963 3111 1197 3189 τρισσουμένην

405 3203 465 3288 τὴν
486 3210 530 3283 εἰς
552 3201 719 3288 πρόλογον
741 3202 922 3272 ἐπεισόδιον
943 3212 998 3272 καί
1021 3208 1135 3287 ἔξοδον
1157 3243 1199 3252 —

406 3310 533 3391 ἐπείπερ
555 3308 657 3388 ἔγνως
678 3306 821 3391 α’κριβῦς
842 3305 949 3374 πάντα
966 3305 1051 3391 τόδε,

407 3408 504 3492 (όιδῆς
522 3418 627 3491 χοροῦ
649 3434 683 3474 τε
704 3417 890 3488 πενταπλᾶς
912 3414 1087 3494 διαιρέσεις,

406 3508 486 3594 ἅπερ
509 3517 588 3577 είσίυ
610 3508 629 3594 ἢ
652 3507 796 3594 πόροδος
818 3509 903 3590 ὁμοῦ
925 3519 979 3578 καί
1000 3511 1037 3579 τὸ
1062 3512 1228 3598 στάσιμον,

363 3611 426 3696 8ῡῆ
447 3612 481 3678 τ’
504 3616 658 3694 ἐμμέλεια,
680 3611 804 3692 κομμὸς
826 3613 942 3694 ἐξόδου
964 3620 1042 3694 μέτα

406 3714 436 3801 (ἡ
459 3713 591 3799 σκηνικη
615 3714 675 3799 γὰρ
698 3714 740 3782 οῦ
762 3721 915 3800 διαίρεσιν
937 3721 1036 3801 φέρει)
1058 3754 1102 3764 -

403 3820 529 3902 ἐπείπερ
553 3819 653 3899 έγνως
675 3817 816 3901 ἀκριβῶς
838 3814 945 3885 πάντα
967 3816 1052 3900 τόδε,

240 4109 273 4158 56
294 4105 404 4172 Θησέως
420 4110 482 4158 οἱον
497 4108 601 4157 FKuhn
652 4109 752 4176 γράφει
768 4108 832 4157 BM:
854 4110 954 4176 γράφει
971 4124 1099 4174 superser.
1116 4104 1186 4175 λέγει
1202 4110 1227 4159 A
1287 4111 1320 4161 56
1338 4103 1407 4178 λίγε-

154 4208 201 4241 ται
216 4207 267 4243 0m.
284 4193 315 4254 B,
342 4197 424 4242 totum
442 4207 547 4244 versum
563 4208 614 4243 om.
631 4193 671 4254 M,
694 4194 727 4242 οί.
745 4208 771 4244 v.
790 4193 838 4244 112
925 4196 958 4246 57
981 4188 1121 4246 δντελοῦοι
1136 4194 1186 4244 ΒΜ
1271 4196 1305 4247 60
1326 4197 1408 4263 μίροε

153 4277 290 4341 Westphal
342 4279 374 4328 ετ
394 4266 422 4326 δ’
435 4279 512 4328 εστιν
530 4278 595 4328 ωσι
646 4273 920 4344 μεωευοεωοπειιι
938 4281 1021 4348 μεμε
1036 4279 1102 4329 oodd
1156 4282 1188 4330 το
1206 4284 1294 4330 τοττι
1310 4280 1361 4331 ΒΜ

155 4363 188 4414 74
207 4362 274 4425 αὐτή
293 4361 343 4411 ΒΜ
430 4365 463 4415 79
479 4365 526 4412 καλ
544 4367 591 4428 τῆν
607 4358 704 4422 λέξεων
719 4365 807 4430 μέτρα
824 4359 957 4432 πιρίοῦδν
975 4382 1007 4415 τι.
1022 4365 1073 4414 ΒΜ
1159 4367 1191 4416 81
1215 4366 1253 4414 ele
1270 4360 1407 4434 πρόλογον

152 4440 310 4496 ίπιιαδῦιον
328 4440 427 4506 ἔξοδον
443 4447 494 4497 ΒΜ
578 4449 612 4500 84
635 4449 705 4515 ἅπερ
721 4449 774 4513 μέν
792 4450 846 4499 elva
863 4443 987 4516 παροδον
1002 4451 1137 4516 στάσιμόν
1155 4467 1186 4500 τε
1202 4450 1253 4500 ΒΜ
