3150 5018
658 277 792 327 nonan
1063 264 1066 271 '
1327 276 1366 334 67

93 468 131 509 ex
145 455 271 527 utroque
292 455 361 506 actu
382 444 586 506 consistentes.
668 447 818 509 comoedia
841 471 894 531 per
909 458 1036 529 quatuor
1057 458 1184 528 partes
1205 447 1352 522 diuiditur,
1375 455 1394 513 5

92 548 249 632 prologum
276 547 409 627 protasin
436 547 561 627 epitasin
588 549 810 628 catastrophen:
856 564 902 613 est
929 549 1070 631 prologus
1102 550 1187 612 uelut
1213 550 1357 631 praefatio

94 649 239 733 quaedam
265 648 386 710 fabulae
411 650 454 722 (in
477 669 536 729 quo
566 648 631 710 solo
652 649 720 741 licet
744 663 859 731 praeter
879 663 1086 733 argumentum
1112 652 1225 733 aliquid
1245 653 1285 713 ad
1304 673 1357 733 po·

44 766 88 816 140
97 752 204 835 pulum
225 750 275 812 uel
296 771 334 811 ex
355 760 460 831 poetae
481 749 531 811 uel
551 772 589 811 ex
611 751 704 831 ipsius
726 753 848 816 fabulae
876 754 926 832 uel
948 755 1053 817 actoris
1075 753 1228 816 commodo
1250 754 1353 836 loqui),

95 854 222 934 protasis
243 853 357 932 primus
378 861 462 914 actus
484 852 657 932 initiumque
678 863 724 914 est
744 854 892 930 dramatis,
914 857 1035 934 epitasis
1057 857 1269 918 incrementum
1290 878 1357 936 pro·

97 976 257 1037 caesusque
286 954 440 1016 turbarum
465 959 500 1016 ac
527 955 617 1016 totius
646 964 680 1017 ut
700 956 741 1017 ita
762 956 885 1018 dixerim
906 959 1004 1020 nodus
1027 959 1140 1033 erroris,
1168 960 1356 1038 catastrophe

98 1058 253 1122 conuersio
284 1077 382 1118 rerum
414 1065 459 1117 est
491 1055 530 1117 ad
559 1056 704 1119 iucundos
737 1059 833 1120 exitus
862 1059 1011 1136 patefacta
1043 1061 1157 1122 cunctis
1189 1061 1356 1141 cognitione
1420 1114 1424 1121 .

100 1171 259 1244 gestorum.

566 1328 627 1390 DE
655 1328 893 1393 COMOEDIA.

49 1480 91 1530 145
187 1463 387 1528 Comoedia
408 1473 462 1525 est
484 1463 588 1526 fabula
602 1465 719 1527 diuersa
733 1465 868 1527 instituta
881 1467 1038 1528 continens
1052 1467 1211 1529 affectuum
1225 1468 1355 1529 ciuilium
1378 1471 1406 1534 V

101 1590 136 1631 ac
156 1569 347 1647 priuatorum,
370 1564 478 1646 quibus
500 1565 621 1628 discitur
641 1566 711 1646 quid
734 1568 824 1628 sitin
845 1568 907 1629 uita
928 1567 1008 1642 utile,
1030 1568 1102 1648 quid
1120 1578 1225 1631 contra
1245 1570 1357 1631 euitan-

101 1671 181 1733 dum.
224 1669 303 1730 hanc
317 1666 423 1730 Graeci
445 1668 487 1729 sic
509 1646 720 1728 definiderunt:
747 1674 900 1755 κωμῳδία
923 1672 1008 1735 ἐστὶν
1029 1668 1237 1754 (Coronaeis)
1258 1695 1356 1753 πραγ-

100 1769 214 1851 μάτων
251 1767 381 1852 περιοχὴ
418 1768 599 1846 ἀκίνδυνος.
645 1769 825 1831 comoediam
859 1792 924 1833 esse
955 1771 1057 1835 Cicero
1092 1773 1134 1834 ait
1168 1773 1358 1834 imitationem

99 1876 188 1948 uitae,
209 1871 363 1950 speculum
384 1870 615 1944 consuetudinis,
636 1872 794 1952 imaginem
815 1872 953 1936 ueritatis
1031 1873 1196 1936 comoediae
1217 1883 1316 1935 autem
1337 1894 1356 1934 a
1379 1883 1397 1941 2

51 1991 94 2040 150
102 1997 183 2039 more
203 1966 328 2054 antiquo
349 1972 485 2046 dictae,
507 1974 579 2053 quia
600 1973 632 2034 in
653 1973 728 2034 uicis
749 1973 918 2037 huiusmodi
939 1975 1070 2037 carmina
1090 1976 1172 2038 initio
1194 1976 1358 2056 agebantur

101 2078 184 2159 apud
198 2077 328 2140 Graecos
350 2078 396 2150 (ut
417 2075 449 2135 in
463 2074 552 2136 Italia
573 2075 772 2152 compitaliciis
793 2075 934 2152 ludicris),
956 2078 1087 2140 admixto
1108 2078 1357 2158 pronuntiationis

101 2179 232 2252 modulo,
254 2177 406 2259 quodum
429 2187 512 2238 actus
535 2185 754 2238 commutantur
774 2178 906 2257 populus
928 2181 1121 2243 attinebatur:
1143 2177 1207 2244 α’πὸ
1223 2187 1279 2262 τῆς
1296 2176 1357 2244 κώ-

101 2307 176 2365 μης,
199 2280 257 2342 hoc
277 2289 323 2341 est
344 2278 382 2340 ab
404 2288 474 2340 actu
495 2279 573 2340 uitae
594 2277 748 2339 hominum
770 2281 821 2360 qni
841 2281 873 2341 in
897 2281 971 2343 uicis
991 2282 1129 2344 habitant
1149 2281 1188 2344 ob
1210 2281 1358 2343 mediocri·

101 2395 192 2448 tatem
213 2383 414 2455 fortunarum,
443 2401 506 2442 non
528 2381 559 2441 in
580 2378 657 2442 aulis
678 2381 772 2460 regiis,
801 2391 835 2442 ut
856 2395 927 2445 sunt
948 2405 1091 2462 personae
1111 2385 1246 2464 tragicae.
1309 2393 1397 2451 co-3

14 2564 16 2569 Ι
51 2487 219 2551 rumoedia
250 2493 364 2556 autem,
400 2484 471 2564 quia
500 2502 606 2562 poema
642 2481 698 2543 sub
735 2483 949 2547 imitatione
985 2486 1088 2547 uitae
1124 2495 1213 2567 atque
1243 2507 1358 2549 morum

103 2588 291 2653 similitudine
305 2587 500 2663 compositum
514 2593 567 2659 est,
589 2584 620 2645 in
634 2593 720 2664 gestu
739 2595 768 2646 et
782 2588 1024 2663 pronuntiatione
1038 2587 1180 2650 consistit
1244 2608 1356 2650 comoe-
1377 2590 1399 2648 4

64 2743 66 2747 Α
101 2690 182 2752 diam
202 2689 283 2767 apud
297 2687 429 2751 Graecos
450 2687 574 2749 dubium
595 2687 727 2766 estquis
748 2688 860 2764 primus
882 2690 1086 2762 inuenerit,
1109 2688 1190 2767 apud
1205 2690 1358 2751 Romanos
1506 2691 1509 2697 ’

103 2801 228 2856 certum:
251 2800 281 2852 et
294 2790 474 2853 comoediam
488 2798 518 2851 et
531 2788 710 2869 tragoediam
731 2799 761 2849 ct
774 2799 905 2869 togatam
919 2791 1030 2872 primus
1045 2791 1151 2852 Liuius
1166 2790 1358 2852 Andronicus

102 2895 238 2976 repperit.
323 2893 421 2972 aitque
442 2912 506 2953 esse
526 2890 706 2952 comoediam
733 2890 898 2953 cotidianae
925 2893 1028 2953 uitae
1057 2891 1271 2973 speculum,
1301 2913 1356 2955 nec
1379 2897 1397 2956 5

53 3008 96 3058 too
105 2995 226 3070 iniuria;
259 3014 331 3056 nam
352 3004 386 3054 ut
406 2993 511 3054 intenti
533 2991 654 3072 speculo
675 2992 807 3053 ueritatis
829 2993 1002 3054 liniamenta
1023 2993 1110 3054 facile
1131 3013 1184 3071 per
1205 2995 1359 3075 imaginem
1404 2991 1405 2994 ’

103 3095 277 3177 colligimus,
299 3096 341 3157 ita
354 3094 479 3157 lectione
501 3093 667 3156 comoediae
688 3093 879 3157 imitationem
900 3096 978 3157 tntae
999 3095 1282 3177 consuetudinisque
1295 3117 1359 3158 non

104 3198 260 3278 aegerrime
287 3197 555 3260 animaduertimus.
640 3195 729 3257 huius
757 3206 855 3258 autem
883 3198 1043 3278 originis
1074 3198 1148 3258 ratio
1181 3197 1219 3259 ab
1252 3198 1357 3259 exteris
1381 3203 1399 3263 6

191 3420 239 3470 137
257 3423 373 3480 utruque
390 3415 416 3467 A
520 3419 568 3469 138
592 3418 785 3482 kataatrophem
807 3413 836 3478 V,
867 3422 893 3467 et
909 3418 1060 3480 taetrophen
1080 3414 1125 3481 0¹,
1154 3420 1264 3483 trophen
1281 3415 1307 3468 A

107 3506 156 3556 140
173 3508 250 3568 poeta
265 3500 293 3554 A
340 3503 430 3553 nbula
446 3500 473 3553 A
525 3505 572 3553 141
593 3507 631 3553 est
649 3517 699 3554 om.
715 3498 766 3553 OV
816 3504 862 3553 141
882 3517 1054 3565 procesusque
1071 3501 1097 3554 A
1150 3507 1198 3555 142
1216 3504 1307 3552 modus

106 3591 155 3642 143
172 3588 264 3638 iundoa
281 3586 309 3638 A
377 3585 487 3639 titulum
505 3601 556 3640 cm.
577 3583 628 3639 C'V
695 3590 743 3638 145
761 3588 900 3637 constituta
920 3582 972 3638 CV
1026 3591 1074 3641 147
1092 3589 1224 3638 diffiniuef
1241 3586 1280 3650 A,
1310 3588 1358 3637 dit·

105 3674 194 3724 finiere
212 3670 241 3739 V,
259 3669 409 3724 diffinireO
459 3675 559 3725 14148
578 3674 693 3723 comedia
707 3677 745 3722 est
762 3674 789 3720 in
808 3671 955 3723 ΠΗΡΙΟΧΗ
970 3677 992 3725 Α
1006 3674 1165 3727 ΚΙΝΑΙΝΟΟ
1178 3671 1212 3735 A,
1231 3672 1361 3722 comoedia

106 3765 146 3810 est
157 3776 188 3824 .g.
203 3761 243 3823 (g.
256 3771 308 3811 om.
322 3756 351 3823 V,
370 3756 406 3826 cf.
417 3758 519 3821 6120)
537 3758 661 3824 aequente
671 3771 727 3808 roe.
742 3752 803 3817 OV3
820 3760 866 3806 nat
878 3750 1030 3808 πολιτικῶν
1047 3756 1115 3810 addi
1126 3755 1198 3822 eolat,
1218 3756 1253 3825 cf.
1265 3755 1359 3809 Diem.

106 3859 130 3896 o.
148 3844 199 3897 141
252 3847 301 3896 149
319 3846 494 3908 spectaculum
509 3840 574 3896 01⁷¹
616 3843 752 3906 imaginem
770 3838 924 3894 om.AOV¹
975 3856 1060 3893 acm.
1072 3840 1123 3895 CV
1172 3847 1219 3895 151
1239 3843 1359 3906 compita·

107 3931 165 3980 licis
180 3926 234 3981 AC
310 3931 358 3981 152
381 3934 544 3979 comatantur
560 3926 587 3979 A
664 3928 929 3979 ΑΠωΤΗΟΚίῦΜΗΟ
948 3924 985 3988 A,
1012 3928 1050 3978 ait
1068 3944 1099 3991 g.
1116 3929 1239 3994 8eqttettte
1255 3940 1311 3978 rat.
1331 3924 1358 3992 0,

108 4012 213 4067 litterae
229 4010 366 4066 craaacV
415 4015 463 4064 153
481 4010 646 4074 habitentA,
665 4013 816 4063 habitabant
832 4009 859 4064 V
908 4016 956 4064 155
974 4010 1058 4074 quiA
1109 4010 1315 4064 imitationemA

107 4115 207 4150 morum
225 4113 277 4151 om.
298 4095 350 4151 GV
416 4100 465 4150 156
487 4098 682 4149 similitudinem
699 4094 751 4148 Ac
800 4103 838 4146 est
856 4110 908 4147 om.
928 4094 980 4149 CV
1027 4099 1093 4161 gesti
1110 4096 1136 4148 A
1206 4101 1253 4149 158
1277 4102 1360 4161 troga-

107 4190 159 4234 tam
172 4183 198 4235 A
252 4186 301 4236 159
319 4179 583 4245 nenessitatem
603 4179 649 4249 (cf.
668 4178 1195 4250 Sobeldemcotelqueeet.anotb.16).
1222 4180 1363 4235 cohaereat

108 4267 154 4337 §1
174 4268 337 4329 (comoediam
353 4295 388 4303 -
405 4268 531 4329 ueritatis)
552 4268 620 4333 at,
648 4265 711 4318 item
729 4265 748 4335 §
764 4266 779 4318 1
798 4268 936 4329 (comoedia
952 4296 986 4303 —
1005 4263 1158 4332 ἀκίνδυνος)
1175 4267 1203 4319 2.
1222 4267 1248 4318 4.
1263 4267 1286 4334 6,
1313 4265 1360 4320 aed
1446 4325 1449 4331 ,

109 4354 142 4405 at
157 4349 268 4405 adiectio
285 4352 312 4403 et
327 4348 392 4403 aliie
410 4353 436 4404 et
453 4350 485 4403 de
496 4349 577 4404 Livio
596 4349 683 4403 ambas
696 4351 738 4419 (4)
757 4350 890 4418 adaptato
908 4349 965 4410 aiat
981 4367 999 4403 a
1013 4365 1108 4419 graeco
1127 4353 1233 4404 auctore
1250 4353 1360 4420 compto

110 4435 142 4504 (6
159 4438 262 4499 exteris)

1121 4482 1254 4574 ss
