3150 5018
602 274 780 328 ΣΩΦΡΟΝΟΣ
797 275 897 331 ΜΙΜΟΙ

631 452 694 510 *73
719 450 792 526 (112
809 450 863 525 Bo)

481 562 662 649 Ἡράκλεις,
684 574 806 647 πνίγεις
827 564 943 647 γόλιον
965 565 1013 632 τό.

207 678 333 735 Schotv
349 681 438 736 Arist
456 681 519 736 Pac.
534 686 583 736 521
601 677 716 753 (μόλιος)
733 679 794 739 ἐστὶ
811 681 841 738 δέ
858 685 907 738 καὶ
924 684 1013 751 ζῶιον
1031 671 1064 738 οὗ
1082 681 1220 754 μέμνηται
1239 686 1274 737 Σ.
1306 675 1379 753 “Ηρ.

120 803 148 819 ..
166 757 214 820 τό.
244 761 306 821 ἐστὶ
323 764 353 824 δὲ
371 759 388 823 ό
405 762 584 836 καλούμενος
597 760 656 824 ὑπό
673 786 761 823 τινων
775 767 1004 839 χοιρογρύλλιος.
1039 767 1137 822 Suidas
1156 785 1177 822 s.
1190 784 1217 820 v.
1236 765 1315 820 addit
1337 765 1379 822 λέ-

120 870 200 918 γεται
218 849 249 906 δέ
263 851 312 905 καί
331 843 499 924 όἩρακλῆς
516 846 633 917 Γόλιος,
660 851 785 906 similiter
802 850 921 922 Hesych.
940 868 961 906 s.
974 868 1001 906 v.
1037 851 1080 906 Et.
1095 853 1129 905 M.
1148 856 1207 915 244,
1219 856 1260 905 26.
1289 850 1378 905 Theo·

119 941 238 1005 guastus
261 933 349 989 Oram.
366 933 424 988 An.
443 933 493 990 Ox.
510 935 592 1001 1119,
606 940 645 990 15.

201 1029 304 1092 πνῖγος
318 1015 418 1091 γύλιόν
429 1039 455 1075 τι
472 1019 615 1075 traditum:
633 1021 747 1086 correxi,
761 1014 926 1076 ‘irenaaeum
938 1022 1025 1091 probe
1038 1022 1189 1078 aculeatum
1202 1020 1355 1090 strangulas
1363 1014 1378 1086 ',

120 1119 253 1174 quaeres
270 1102 451 1173 strangulant
469 1120 535 1160 sana
552 1105 732 1175 periculosior
750 1121 832 1174 quam
850 1108 1028 1176 strangulatu.

541 1263 606 1323 *τι
630 1258 699 1340 (νυ
712 1260 788 1324 Ahr.
814 1265 874 1325 117
891 1264 946 1339 Bo)
1022 1322 1028 1329 .

162 1375 349 1462 μωρότερος
371 1379 398 1444 ελ
420 1376 588 1461 Μορύχου,
617 1375 654 1456 ὃς
676 1377 797 1445 τόνδὸυ
820 1379 911 1460 ἀφεὶς
940 1382 1002 1460 ἔξω
1024 1390 1082 1459 τᾶς
1104 1386 1207 1459 οἰκίας
1229 1377 1377 1462 κάθηται.

205 1495 308 1550 Zenob.
326 1494 447 1550 Ath.1v
458 1498 500 1561 68,
518 1493 595 1564 vulg.
607 1494 633 1548 V
647 1498 677 1548 13
696 1483 767 1568 αότη
788 1489 805 1567 ἦ
824 1498 966 1568 παροιμία
988 1497 1100 1569 λέγεται
1118 1496 1197 1566 παρὰ
1216 1505 1278 1562 τοῖς
1296 1501 1377 1554 Σικε-

120 1572 236 1646 λιώταις
252 1577 300 1636 ἐπὶ
317 1584 377 1636 τῶν
394 1576 497 1651 εὔηθές
517 1598 545 1634 τι
568 1579 839 1650 διαπρασσομένων,
864 1572 905 1647 τός
926 1602 994 1653 φησι
1017 1582 1157 1650 Πολέμων
1179 1577 1212 1636 έν
1235 1584 1278 1652 τῆι
1303 1576 1378 1651 πρὸς

120 1660 261 1732 Διόφιλον
281 1657 441 1736 Ἐπιστολῆι
466 1663 507 1730 (fr.
531 1668 564 1717 13
589 1664 643 1729 Pr).
685 1663 797 1737 λέγεται
820 1666 850 1723 δὲ
874 1657 967 1732 οὕτως
984 1661 1167 1739 ιμωρότερος
1186 1704 1212 1719 ..
1229 1660 1377 1738 κόθηταώ.

121 1747 260 1823 Μόρυχος
278 1749 309 1807 a
331 1744 474 1807 Διονύσου
496 1745 636 1805 έτιίθετον
652 1785 681 1806 ..
698 1753 940 1822 καταγνωσθῆναι
963 1742 991 1806 δ’
1017 1742 1106 1806 αὐτοῦ
1129 1742 1265 1820 εὐήθειαν
1285 1749 1377 1823 παρό·

120 1854 175 1892 σον
192 1830 246 1903 ἔξω
265 1838 318 1891 τοῦ
337 1834 392 1892 νεώ
411 1833 446 1891 τό
466 1829 582 1904 ἄγαλμα
601 1826 692 1889 αὐτοῦ
708 1833 768 1890 ἐστι
787 1832 865 1907 παρὰ
892 1838 936 1907 τῆι
959 1830 1074 1892 εἰσόδων
1096 1830 1128 1890 έν
1149 1828 1307 1907 ὕπαίθρωι.
1343 1835 1377 1890 cf.

121 1920 202 1976 Phot.
221 1919 297 1975 Suid.
315 1936 336 1974 s.
349 1937 377 1974 v.

205 2005 263 2075 εἰμί
279 2021 330 2074 pro
348 1998 376 2061 εἶ
390 2003 476 2070 Phot,
498 2008 549 2075 τῆς
565 2020 617 2073 pro
635 2007 686 2070 τοῖς
704 2019 808 2060 omnes.
844 2003 981 2072 Sophroni
999 2002 1095 2057 m'buit
1110 2002 1236 2068 Ahrens‚
1260 2006 1335 2074 quod
1354 2007 1377 2059 si

119 2105 224 2154 verum,
241 2086 368 2145 κατίσαι
386 2095 415 2144 et
431 2085 519 2160 κόθηι
536 2096 585 2144 aut
603 2090 659 2159 εἰμί
677 2098 705 2144 et
721 2085 851 2160 κάθημαι
869 2087 1060 2156 corrigendum
1079 2088 1137 2142 erit.

561 2279 685 2344 SEDIS
707 2277 926 2341 INOERTAE

574 2421 613 2479 75
638 2415 781 2494 (911111.
803 2435 859 2476 om.
874 2415 929 2490 Βο)

536 2544 598 2612 πῦς
621 2536 652 2612 ές
673 2529 777 2615 μυχὸν
799 2528 972 2614 καταδόηι,·

206 2653 338 2707 Ammon.
357 2651 391 2706 de
404 2649 465 2706 diff.
477 2667 504 2720 p.
519 2651 597 2706 122V
616 2659 666 2707 πεῖ
682 2647 734 2721 τὴν
750 2646 783 2706 ἐν
800 2644 894 2705 τόπωι
911 2647 1009 2718 σχέσιν
1020 2650 1107 2716 δηλοῖ.
1144 2640 1278 2720 Σώφρων
1297 2650 1338 2718 (fr.
1352 2656 1377 2716 5)

121 2727 240 2794 ..όταν
266 2729 295 2793 δ’
322 2734 363 2802 εἰς
388 2727 484 2793 τόπον
510 2736 590 2807 θέληι
617 2735 721 2801 εἰπεῖν,
748 2735 816 2807 φησί
837 2728 905 2799 ‘aar
926 2771 933 2787 .
952 2772 959 2786 .
976 2724 1049 2790 κατ’
1077 2725 1140 2790 όντὶ
1167 2736 1218 2789 τοῦ
1246 2733 1286 2799 εἰς
1313 2737 1376 2790 τίνα

119 2843 220 2894 μυχον.

641 2946 680 3005 76
708 2943 781 3019 (127
805 2943 860 3017 Βο)

204 3061 324 3115 Antiatt.
342 3058 431 3114 Bakk.
450 3062 492 3125 93,
504 3062 537 3112 25
555 3054 757 3128 ἐκποιῆσαι·
786 3049 849 3114 όντὶ
868 3058 921 3111 τοῦ
937 3053 1091 3112 ἐκτελέσαι.
1129 3052 1272 3128 Σώφρων.

644 3217 682 3277 ττ
707 3216 782 3292 (128
804 3215 859 3290 Bo)

204 3331 262 3385 An.
279 3331 369 3387 Bekk.
387 3336 491 3398 351,12
517 3331 560 3398 (ef.
578 3330 750 3402 Phrynichus
767 3329 835 3384 ibid.
853 3345 880 3398 p.
895 3332 939 3394 1ο,
954 3330 994 3392 τι)
1019 3320 1116 3400 daupu
1138 3331 1187 3384 ιιι
1211 3322 1304 3398 ἀνέρι
1329 3331 1377 3384 ιιι

120 3408 218 3489 ιῖθιίρα
235 3420 285 3472 καὶ
303 3410 403 3491 όθοίρα
422 3413 457 3475 τὸ
477 3410 549 3474 αότό
569 3434 718 3488 φασιν...
740 3411 801 3471 ἐστὶ
814 3413 843 3470 δέ
855 3406 871 3482 ἦ
883 3416 983 3485 χρῆσις
1000 3414 1051 3483 τῆς
1068 3412 1169 3479 λέξεως
1186 3409 1277 3483 πολλῆ
1296 3406 1375 3480 παρὰ

119 3509 182 3568 τοῖς
199 3494 348 3568 Ἀττικοῖς,
370 3499 444 3560 κατιὶ
463 3501 519 3569 μέν
536 3499 571 3558 τὸ
591 3499 674 3566 τέλος
691 3494 736 3555 διὰ
754 3502 808 3555 τοῦ
825 3503 841 3568 ἢ
861 3496 1062 3570 κροαγομὲνη,
1079 3496 1154 3554 κατὰ
1172 3497 1202 3554 δέ
1219 3493 1272 3568 τήν
1288 3496 1377 3568 μέσην

119 3585 164 3644 διὰ
181 3590 235 3644 τοῦ
253 3593 281 3644 ᾱ.
316 3582 391 3644 κατὰ
409 3586 439 3644 δέ
457 3583 585 3651 πολλοὺς
602 3581 706 3649 ἄλλους
724 3583 756 3650 (λ)
774 3580 848 3639 κατα
867 3582 921 3651 μὲν
943 3580 977 3637 τό
1003 3581 1085 3646 τέλος
1107 3577 1151 3638 διὰ
1174 3586 1227 3639 τοῦ
1244 3589 1277 3647 ᾱ,
1301 3577 1374 3638 κατὰ

119 3670 150 3729 δὲ
167 3666 220 3744 τὴν
236 3670 327 3744 μέσην
344 3668 389 3730 διὰ
407 3675 460 3728 τοῦ
476 3678 503 3742 ῆ.
540 3661 617 3729 οότω
635 3668 665 3726 δὲ
682 3670 731 3724 καὶ
744 3660 909 3733 Ἑλλάνικος
925 3669 973 3722 καὶ
992 3663 1127 3738 Σώφρων
1144 3662 1297 3738 ἐχρήσατο.
1332 3663 1375 3722 ἐκ·

119 3759 243 3814 τείνουσι
261 3757 292 3814 δέ
308 3759 358 3813 καὶ
376 3751 410 3814 τὸ
429 3763 457 3820 ᾶ,
475 3749 515 3822 ὥς
532 3749 592 3813 aaa
613 3756 666 3810 τοῦ
678 3745 837 3824 ώθήρατῆς
849 3750 951 3817 λέξεως
962 3752 1201 3824 μεταληφθείσης.
1236 3750 1375 3806 turbatum

119 3842 230 3898 videtur
241 3843 336 3912 aliquo
347 3841 441 3906 modo,
459 3839 612 3910 Sophronis
627 3839 718 3895 forma
729 3838 779 3892 vix
790 3843 884 3906 potest
895 3837 949 3891 alia
965 3853 997 3892 aa
1014 3828 1085 3893 ιῖθό
1092 3857 1132 3908 ρα
1150 3835 1244 3900 fuisse,
1262 3835 1375 3890 ο1.11)1(1.

119 3931 178 3994 351,
191 3931 222 3982 27
243 3923 277 3984 τό
296 3926 394 3996 μέντοι
413 3918 508 3999 αἰθέρα
526 3925 566 3992 εἰς
584 3922 618 3981 τό
638 3917 739 3995 όθόρα
759 3925 896 3994 Δωρικῶς
913 3921 1039 3994 γέγονεν.

638 4084 678 4144 aa
702 4081 777 4159 (154
800 4081 854 4156 Bo)

204 4199 262 4253 An.
280 4197 369 4254 Bekk.
386 4201 446 4263 428,
459 4202 491 4252 22
511 4190 744 4268 οἷποκηδήσανττς
762 4233 789 4248 ..
807 4190 887 4262 παρὰ
906 4193 936 4251 δὲ
954 4188 1100 4263 Σώφρονι
1117 4186 1294 4250 όποκαδεῑ
1311 4186 1375 4250 όντὶ

119 4286 172 4340 τοῦ
189 4275 311 4340 οἷοδενεῖ
325 4291 424 4339 κεῖται.
461 4281 537 4337 Suid.
555 4273 787 4350 ώποκηδόσαντες
805 4317 832 4332 ..
851 4276 930 4350 νεαροὶ
956 4278 986 4334 δέ
1010 4275 1150 4349 Σώφρονι
1173 4271 1373 4348 ώττοκαδὴσαν·

118 4387 167 4433 τες
183 4359 467 4440 όφροντιστήσαντες
485 4364 614 4436 (Hesych.
633 4381 653 4418 a.
666 4368 705 4429 v),
723 4365 799 4418 cuius
817 4363 913 4418 turbae
931 4362 1101 4431 explicantur
1118 4377 1133 4416 ο
1151 4361 1234 4416 schol.
1252 4363 1275 4415 B
1294 4363 1375 4417 Hom.

122 4456 148 4508 Ψ
165 4456 216 4506 413
235 4445 463 4524 ἀποκηδήσαντε·
482 4443 771 4523 όφροντιστήσαντες.
