3150 5018
227 260 267 318 62
573 302 576 309 ·
657 266 704 315 DE
721 264 902 315 COMOEDIA
919 263 1059 315 GRAECA

230 485 308 550 XII.
350 483 618 568 <EVANTHIVS
641 485 701 550 DE
722 484 893 550 FABVLA
922 483 1012 552 Hoc
1039 482 1121 550 EST
1151 483 1211 564 DE
1234 481 1499 567 commilita>

90 638 93 643 ’
191 639 208 700 Ι
316 637 477 700 Initium
500 639 722 720 tragoediae
743 649 779 701 et
800 638 1016 702 comoediae
1037 637 1159 699 arabus
1174 635 1282 697 diuinis
1303 646 1349 698 est
1370 635 1497 698 incoha-

188 744 207 803 2
230 750 303 814 tum,
326 740 434 821 quibus
456 761 509 820 pro
523 740 669 803 fructibus
691 752 763 804 uota
776 742 927 804 soluentes
948 739 1148 822 operabantur
1161 737 1284 819 antiqui
1360 759 1497 819 namque

228 843 357 905 incensis
372 843 430 903 iam
446 841 589 904 altaribus
604 853 634 905 et
647 843 766 907 admoto
780 844 861 906 hirco
876 844 905 905 id
919 864 1015 924 genus
1029 841 1166 904 carminis
1188 839 1270 921 quod
1284 861 1368 902 sacer
1381 839 1495 902 chorus

228 943 371 1006 reddebat
391 942 501 1005 Libero
528 945 605 1025 patri
634 946 837 1027 tragoedia
864 945 1015 1008 dicebatur
1041 943 1092 1005 uel
1120 939 1185 1007 a‘nb
1206 949 1268 1006 τοῖ
1289 939 1415 1033 τράγου
1439 948 1494 1006 καὶ

227 1054 284 1128 τῆς
306 1044 391 1131 ᾠδῆς
419 1045 476 1108 hoc
497 1056 543 1109 est
564 1047 602 1109 ab
625 1046 707 1109 hirco
728 1047 813 1110 hoste
835 1049 992 1109 uinearum
1012 1055 1042 1108 et
1063 1066 1082 1107 a
1102 1044 1254 1107 cantilena
1279 1044 1376 1122 (cuius
1398 1043 1522 1120 ipsiust

227 1149 269 1210 rei
296 1148 383 1210 etiam
410 1146 492 1224 apud
512 1147 672 1228 Virgilium
700 1149 792 1227 plena
811 1150 846 1212 fit
866 1150 997 1226 mentio),
1025 1146 1074 1209 uel
1104 1148 1185 1229 quod
1212 1147 1294 1209 hirco
1321 1145 1496 1209 donabatur

228 1251 291 1312 eius
312 1250 449 1311 carminis
471 1259 559 1326 poeta
580 1250 630 1311 uel
650 1250 732 1332 quod
753 1260 818 1312 uter
838 1253 901 1314 sius
921 1251 1012 1312 musti
1031 1249 1141 1328 plenus
1163 1249 1308 1311 sollemne
1327 1247 1496 1325 praemium

229 1351 431 1413 cantatoribus
453 1351 559 1426 iuerat,
587 1352 637 1413 uel
659 1352 738 1434 quod
761 1373 812 1415 ora
834 1375 889 1416 sua
910 1353 1042 1416 faecibus
1063 1351 1252 1434 perlinebaut
1273 1350 1401 1412 scaenici
1422 1358 1495 1410 ante

229 1475 318 1515 usum
339 1473 534 1534 personarum
559 1454 597 1517 ab
619 1455 771 1537 Aeschylo
793 1464 954 1533 repertum;
988 1455 1085 1516 faeces
1106 1455 1187 1515 enim
1208 1452 1323 1516 Graece
1350 1450 1496 1512 dicuntur

189 1552 353 1638 3τρύγες.
399 1564 429 1616 et
456 1554 503 1616 bis
530 1555 649 1635 quidem
673 1559 771 1619 causis
797 1557 963 1638 tragoediae
994 1577 1102 1618 nomen
1135 1557 1291 1635 inuentum
1321 1561 1376 1616 est
1465 1561 1496 1613 at
1506 1565 1532 1614 10

230 1678 300 1719 uero
322 1656 458 1719 nondum
479 1659 587 1720 coactis
608 1659 640 1719 in
662 1659 766 1721 urbem
786 1658 1035 1728 Atheniensibus.
1062 1678 1131 1719 cum
1151 1656 1289 1739 Apollini
1310 1655 1421 1718 Nomio
1444 1653 1495 1717 vel

231 1757 364 1843 Ἆγυαίῳ
386 1757 417 1819 id
438 1768 483 1821 est
503 1769 655 1837 pastorum
677 1762 846 1823 uicorumue
867 1761 994 1839 praesidi
1016 1760 1071 1822 deo
1094 1759 1243 1822 instructis
1264 1759 1323 1819 aris
1344 1757 1378 1817 in
1399 1755 1495 1818 hono

111 1849 113 1853 ἲ
230 1881 291 1921 rem
317 1860 436 1921 diuinae
464 1862 505 1921 rei
532 1861 641 1922 circum
662 1863 780 1924 Atticae
808 1865 889 1925 uicos
916 1862 1005 1924 uillas
1031 1882 1125 1943 pagos
1150 1871 1181 1923 et
1201 1860 1330 1938 compita
1349 1858 1494 1920 festivrrm

231 1983 349 2024 carmen
365 1962 547 2025 sollemniter
561 1973 736 2037 cantaretur,
759 1963 823 2029 α’πὸ
838 1973 907 2030 τῶν
922 1973 1043 2042 κωμῶν
1057 1970 1111 2029 καὶ
1126 1969 1181 2046 τῆς
1196 1960 1279 2048 ᾠδῆς
1294 1958 1496 2023 comoedia

231 2065 361 2125 uocitata
381 2076 435 2139 est,
457 2073 491 2126 ut
512 2065 625 2142 opinor,
647 2086 667 2127 a
686 2067 771 2148 pagis
793 2076 823 2128 et
843 2067 994 2129 cantilena
1014 2066 1176 2146 composito
1197 2064 1324 2137 nomine,
1352 2062 1405 2124 uel
1426 2059 1493 2126 ἀπὸ
1506 2075 1531 2124 15

231 2174 293 2231 τοῦ
313 2163 472 2247 κωμάζειν
494 2172 547 2231 καὶ
570 2165 668 2251 ᾄδειν,
690 2168 772 2248 quod
793 2178 838 2230 est
859 2179 1055 2231 comessatum
1075 2169 1117 2228 ire
1138 2173 1308 2239 cantantem
1336 2163 1420 2245 quod
1441 2183 1495 2244 ap

231 2268 309 2349 potis
331 2268 469 2330 sollemni
490 2268 537 2330 die
558 2269 608 2330 uel
629 2272 768 2331 amatorie
789 2270 1011 2334 lasciuientibus
1034 2266 1141 2356 [choris
1155 2263 1282 2352 comicis]
1304 2287 1369 2329 non
1389 2264 1495 2328 absur-

191 2370 213 2429 4
235 2370 308 2431 dum
328 2379 381 2433 est
466 2371 572 2450 itaque,
600 2381 753 2432 utrarum
777 2373 818 2434 ita
839 2373 927 2434 etiam
951 2382 1117 2454 temporum
1137 2379 1252 2449 reperto
1276 2368 1388 2444 ordine,
1416 2378 1495 2430 tra-

231 2471 369 2552 goedia
389 2473 546 2552 primum
567 2473 722 2551 prolata
742 2495 807 2536 esse
821 2477 1017 2556 cognoscitur.
1052 2495 1123 2537 nam
1137 2484 1172 2536 ut
1185 2473 1223 2536 ab
1239 2470 1357 2534 incultu
1371 2490 1409 2533 ac
1422 2469 1495 2531 iaris

232 2574 363 2636 moribus
384 2574 528 2652 paulatim
548 2585 725 2653 peruentum
747 2577 851 2638 estad
872 2577 1130 2639 mansuetudinem
1151 2575 1298 2655 urbesque
1326 2582 1401 2634 sunt
1421 2587 1533 2636 con-20

232 2675 310 2738 ditae
338 2686 368 2738 et
395 2677 457 2737 uita
484 2677 580 2740 mitior
607 2687 696 2759 atque
724 2679 818 2740 otiosa
839 2680 992 2756 processit,
1021 2680 1062 2741 ita
1083 2700 1129 2740 res
1150 2677 1277 2758 tragicae
1303 2674 1396 2754 longe
1421 2683 1495 2735 anta

191 2780 209 2840 5
234 2778 361 2840 comicas
382 2778 530 2844 inuentae.
616 2781 752 2862 quamuis
778 2780 868 2861 igitur
894 2790 971 2842 retro
998 2781 1095 2858 prisca
1116 2777 1309 2842 uoluentibus
1330 2777 1496 2855 reperiatur

175 2944 177 2946 ,
233 2880 361 2958 Thespis
383 2881 548 2961 tragoediae
569 2882 681 2960 primus
703 2883 884 2944 inuentor
906 2893 936 2943 et
956 2882 1122 2950 comoediae
1143 2882 1249 2944 ueteris
1265 2888 1350 2959 pater
1362 2876 1495 2957 Eupolis

232 3003 300 3043 cum
322 2982 443 3045 Oratim
464 2983 726 3066 Aristophaneque
747 3006 812 3047 esse
833 2985 976 3059 credatur,
1005 2983 1193 3046 Homerus
1215 2993 1327 3054 tamen,
1357 2981 1411 3060 qui
1432 2979 1496 3042 fere

319 3233 503 3289 receaauimua'
519 3235 665 3289 secandum
683 3234 783 3289 codices
800 3236 826 3288 A
837 3236 1011 3306 (Polaticum
1026 3235 1132 3291 7920A
1149 3251 1171 3289 a.
1184 3232 1242 3304 XI)
1263 3233 1286 3288 0
1295 3231 1451 3303 (ancieaa

233 3318 316 3374 Bodl.
332 3320 370 3372 95
384 3334 407 3372 a.
417 3317 485 3388 ΧΨ
518 3318 545 3373 V
558 3319 574 3388 (
575 3319 738 3374 Vaticanum
755 3321 830 3375 1496
846 3338 868 3375 a.
883 3320 950 3390 ΧΨ
969 3337 1084 3389 quoram
1102 3321 1239 3375 lectionem
1257 3317 1406 3374 liberaliter
1423 3333 1495 3372 com-

233 3403 357 3458 modavit
374 3403 532 3458 wesenerus
617 3403 738 3473 Rufiaua
750 3423 781 3475 p.
801 3406 900 3460 55111.
917 3405 999 3461 buitta
1017 3409 1149 3460 tractatos
1165 3404 1248 3460 cerba
1265 3404 1301 3475 (o.
1322 3405 1353 3459 71
1372 3405 1397 3472 6,
1411 3404 1494 3473 9aq.)

234 3489 365 3558 adferens
387 3489 499 3543 doulam
520 3488 615 3558 ponit:
641 3493 786 3544 Euanthius
803 3495 831 3543 in
849 3495 1030 3545 commentario
1047 3494 1161 3544 Terentii
1178 3495 1209 3543 de
1226 3492 1316 3542 tabula
1336 3491 1385 3541 hoc
1403 3495 1445 3540 est
1460 3492 1495 3541 de

233 3577 364 3627 comoedia
432 3579 666 3644 Aoqracccom.
686 3576 730 3644 0¹,
752 3580 901 3632 ΚΑΙ.ΤΗΟ
920 3580 1023 3630 ΟΔΗΟ.
1042 3576 1092 3645 (cic
1105 3576 1143 3645 A)
1162 3575 1255 3630 om.V
1313 3579 1387 3628 dest
1404 3575 1496 3627 om.A

285 3663 421 3727 dplenam
438 3660 464 3712 A
530 3677 619 3730 georg.
636 3662 663 3728 2,
678 3663 738 3716 380
756 3660 861 3730 (Diem.
879 3680 904 3716 v.
921 3663 989 3732 132)
1058 3664 1240 3716 boantoribus
1262 3660 1289 3715 V
1356 3661 1451 3724 signici
1468 3659 1496 3712 A

285 3750 309 3798 9.
320 3750 353 3798 10
370 3747 493 3797 dicuntur
510 3750 589 3812 triges
607 3747 645 3799 A:
672 3751 721 3798 iles
737 3749 860 3799 dicuntur
883 3746 911 3815 V,
934 3745 1100 3800 dicunturO
1168 3752 1197 3800 11
1217 3762 1280 3798 uera
1296 3745 1323 3797 A
1391 3747 1494 3796 atheni-

233 3833 334 3882 rasibus
351 3830 377 3882 A
446 3835 490 3884 uel
507 3835 643 3887 ΑΡΥΑΘϋ)
660 3831 694 3898 A,
713 3848 765 3886 om.
786 3831 838 3886 CV
913 3837 944 3886 12
962 3820 1141 3885 uicinorumue
1160 3835 1231 3897 (·que
1253 3829 1290 3897 V)
1310 3828 1366 3894 CV,
1392 3831 1494 3882 uicino·

233 3915 336 3968 rum‘A
386 3918 499 3982 praesidi
517 3932 569 3970 om.
586 3917 613 3969 A
681 3919 835 3969 constructis
853 3916 907 3972 CV
971 3923 1003 3972 13
1020 3920 1090 3970 uices
1106 3917 1134 3971 A
1184 3918 1318 3968 festinium
1334 3915 1369 3980 A,
1396 3917 1495 3968 festum

236 4001 289 4055 UV
354 4004 386 4073 14
405 4007 521 4053 cantaret
540 4001 568 4067 0,
587 4008 720 4054 cantarent
742 4001 769 4056 V
814 4005 880 4067 i(id
898 4011 937 4055 est
954 4006 982 4070 ς)
1002 4006 1144 4058 atrociora
1160 4000 1193 4055 ia
1212 3999 1385 4055 uVomiss-is
1401 3990 1496 4055 verbie

235 4091 291 4139 ἀπὸ
310 4084 368 4138 τῶν)
385 4102 470 4154 usque
488 4087 525 4140 ad
542 4082 621 4154 ᾅδειν
683 4091 819 4141 tacdae
836 4087 863 4141 A
933 4092 964 4141 15
982 4090 1121 4154 composuit
1137 4087 1164 4140 A
1234 4091 1267 4140 16
1283 4089 1328 4138 uel
1345 4089 1408 4141 ula).
1429 4096 1494 4150 τούς

237 4174 415 4237 tanatem.
430 4175 594 4228 ΚΑΙΝΑΘΙΝ.
606 4172 634 4226 A
686 4178 718 4227 16
736 4176 845 4239 apoetis
862 4171 896 4237 A,
915 4190 931 4224 a
947 4176 1015 4238 potis
1034 4175 1099 4237 (raa.
1112 4189 1172 4242 top.
1185 4191 1200 4225 o
1215 4171 1251 4232 Oi
1271 4171 1323 4226 0V
1372 4176 1405 4225 ia
1424 4174 1494 4238 prio-

235 4275 293 4309 rum
310 4256 347 4322 A,
366 4273 418 4311 om.
439 4256 492 4312 GV
555 4261 588 4310 ab
606 4274 657 4311 om.
675 4258 702 4312 A
779 4262 807 4310 in
825 4259 916 4310 cultua
932 4259 1046 4311 conferes
1063 4258 1090 4310 A
1167 4261 1200 4311 20
1218 4263 1393 4333 perventum:
1406 4261 1494 4322 prola·

233 4349 289 4394 tum
307 4342 333 4394 A
352 4341 398 4411 (cf
409 4343 457 4412 19)
510 4346 540 4396 21
561 4350 586 4394 et
604 4341 720 4417 om.OV
766 4346 872 4409 tragicie
889 4342 916 4395 A
967 4347 1000 4396 22
1018 4346 1166 4396 uolentibus
1183 4344 1209 4396 A
1278 4346 1311 4396 23
1328 4343 1450 4408 thesphis
1467 4342 1494 4396 A

285 4431 318 4479 24
335 4429 436 4492 gratino
453 4428 643 4492 aristosanaque
661 4428 687 4481 A
794 4472 797 4477 .
