3150 5018
614 283 780 338 ridendos
798 285 952 340 ΦΔΥΑΚΕΣ

758 460 798 520 25

240 572 359 644 Hesych.
376 569 553 646 σαίρματα·
571 567 757 642 καλλῦσματα
775 576 824 630 καὶ
840 569 950 646 κόπρια
967 569 1047 645 παρὰ
1061 568 1201 632 Ῥίνθανι.

760 750 800 810 26

240 861 359 934 Hesych.
371 871 508 935 τροχαῖα·
525 862 599 932 μέσα
611 860 643 920 έν
654 858 762 936 κύβοις.
785 858 804 935 ἢ
817 857 895 928 ὁδός,
907 855 1081 928 dertusae.
1110 862 1284 918 scribendum
1296 858 1412 936 τρόχια·

153 941 189 1004 τὰ
208 947 283 1016 μέσα
301 945 333 1004 έν
349 968 376 1004 κ.
411 947 496 1004 altera
511 948 701 1018 interpretatio
718 947 839 1018 pertinet
855 947 891 1002 ud
908 939 1049 1019 τροχιοέ,
1069 955 1101 1004 ut
1117 948 1191 1003 vidit
1207 948 1366 1004 MSehmidc

758 1125 797 1184 27

240 1236 360 1308 Hesych.
386 1231 484 1308 ὕδραν·
512 1236 552 1303 εἰς
577 1238 682 1293 θυσίαν
708 1231 872 1308 ἀκραιφνές.
903 1234 1033 1295 Ῥίνθων.
1069 1237 1103 1293 cf.
1130 1238 1203 1293 idem
1229 1231 1348 1308 idpdvq·
1375 1231 1410 1292 τὸ

154 1313 317 1394 α’κραιφνές
341 1324 390 1378 καὶ
415 1316 551 1395 καθαρόν
577 1328 605 1377 ct
630 1315 764 1394 ὓδρανός·
793 1316 809 1379 ὃ
832 1316 967 1396 ἆγνιστὴς
992 1327 1052 1379 τῶν
1072 1317 1254 1384 Ἐλευσινίων.
1289 1321 1413 1378 Rhintho

153 1406 266 1547 {idetis
291 1413 340 1462 aut
364 1400 498 1479 idpciva
524 1413 573 1462 aut
597 1397 751 1479 {idpavav
777 1407 894 1474 dixisse,
920 1407 1021 1477 quibus
1047 1409 1232 1479 comparanda
1257 1404 1362 1483 έργάνη
1385 1414 1414 1462 et

169 1510 285 1564 ργανον.
401 1540 405 1550 ,

760 1653 801 1714 28

234 1763 350 1820 Photius
367 1763 472 1818 Athen.
489 1772 518 1820 et
535 1763 635 1820 Suides
652 1759 836 1838 αγλευκὲς·
860 1761 894 1822 τὸ
914 1761 996 1838 αἠδές
1014 1806 1021 1820 .
1039 1806 1046 1820 .
1064 1771 1146 1824 δοκεῖ
1162 1765 1191 1823 δέ
1208 1759 1321 1832 ξενικὸν
1339 1759 1411 1821 εἶναι

154 1845 189 1906 τὸ
211 1845 319 1919 ὄνομα,
337 1847 497 1906 Σικελικόν.
523 1847 598 1908 πολὺ
609 1854 681 1923 γοῦν
698 1846 759 1909 ἔστι
777 1847 864 1908 πάλιν
881 1847 962 1923 παρὰ
981 1855 1033 1908 τῶι
1047 1845 1186 1909 Ῥένθωνι.
1221 1848 1339 1921 Hesych.
1352 1866 1412 1904 s.v.

154 1933 188 1990 cf.
207 1934 244 1989 ad
260 1933 415 2004 Epicharmi
432 1934 465 2002 fr.
479 1938 536 1990 140.

176 2223 181 2229 ‹
240 2189 311 2245 falso
323 2190 360 2246 ad
370 2189 557 2246 Rhinthonem
575 2191 661 2246 relatu
678 2199 743 2247 sunt
754 2208 824 2262 quae
838 2192 952 2248 tradidit
964 2192 1091 2247 Clemens
1103 2190 1186 2246 Alex.
1198 2191 1287 2246 Protr.
1298 2207 1326 2261 p.
1340 2194 1371 2245 14
1381 2191 1412 2244 Ρ.

155 2275 203 2345 qui
214 2282 361 2345 postquam
373 2276 470 2331 Iovem
487 2275 539 2331 sub
552 2276 623 2331 auri
641 2277 732 2346 specie
749 2294 765 2332 e
784 2278 881 2334 Cerere
892 2278 1094 2377 Proserpinam,
1113 2277 1164 2332 sub
1177 2276 1311 2345 serpentis
1323 2275 1413 2344 specie

154 2377 170 2416 e
187 2361 353 2430 Proserpina
369 2360 506 2416 Bacchum
524 2361 711 2417 tauriformem
737 2364 865 2432 genuisse
888 2364 1019 2430 narravit,
1046 2363 1085 2418 sic
1105 2362 1198 2432 pergit
1219 2366 1260 2428 (ut
1283 2361 1413 2430 scriptum

155 2451 232 2501 extat
248 2452 318 2502 teste
334 2447 558 2504 ESchwartzie
550 2464 579 2502 ru
596 2448 722 2504 Parisino
740 2449 821 2514 libre)
844 2445 954 2520 οἷμέλει,
978 2451 1047 2521 φησί
1066 2467 1109 2514 τις
1131 2445 1250 2518 ποιητὴς
1268 2441 1414 2510 ιίόωλικός

151 2524 272 2603 ταῦρος
288 2529 384 2604 πατὴρ
402 2528 561 2605 δρακοντος
583 2537 632 2589 καὶ
649 2530 746 2607 πατήρ
763 2531 872 2608 ταύρου
889 2530 1005 2607 δρακαιν
1021 2531 1054 2590 έν
1072 2529 1135 2607 ὄρει
1153 2530 1188 2588 τὸ
1205 2523 1330 2602 κρύφιον
1345 2535 1413 2602 βου-

154 2612 244 2683 κόλος
266 2613 302 2675 τὸ
326 2615 471 2690 κέντρονζ
493 2614 669 2692 βουκολικὸν
692 2614 771 2688 οἶμαι
793 2619 916 2690 κέντρον
938 2616 992 2676 τὸν
1015 2617 1147 2692 νάρθηκα
1169 2615 1316 2675 ἐπικαλῶν
1339 2614 1413 2681 (inde

153 2702 257 2758 Euseb.
282 2703 378 2774 Prasp.
401 2721 445 2760 ev.
467 2704 496 2759 11
519 2709 544 2771 3,
561 2707 614 2770 21).
649 2705 746 2761 eadem
771 2705 894 2760 narravit
920 2705 1065 2761 Amabius
1091 2704 1155 2760 adv.
1178 2701 1279 2758 naiV
1301 2705 1334 2755 20
1347 2715 1412 2769 sqq:

155 2792 291 2844 auctorem
317 2790 418 2860 aliquis
445 2789 612 2845 desiderabit
635 2790 691 2845 rei:
718 2793 776 2845 iam
796 2790 877 2844 illam
898 2789 1042 2845 citabimus
1068 2788 1247 2844 Tarentinam
1267 2790 1414 2854 actamque

154 2873 296 2929 saccariam
322 2893 400 2944 qaae
426 2875 578 2944 antiquitas
607 2875 683 2931 cauit
710 2875 801 2930 diceas
825 2870 935 2930 ‘taccias
961 2876 1105 2930 draconem
1128 2874 1225 2945 pascuit
1251 2875 1279 2927 et
1303 2875 1413 2925 tauram

156 2953 261 3015 draca'.
295 2960 463 3016 Rhinthonis
483 2961 635 3017 versiculos
658 2977 718 3017 esse
739 2977 881 3031 perperam
904 2961 1021 3016 coniecit
1042 2958 1299 3023 Reifferscheidius,
1326 2970 1413 3024 egee

155 3046 274 3100 carmine
299 3046 394 3115 potius
419 3046 536 3117 mystico
562 3046 665 3115 petitos
691 3047 866 3113 crediderim,
896 3047 988 3117 qualis
1014 3046 1114 3101 scimus
1140 3044 1214 3113 apud
1237 3042 1361 3098 Iculiatas
1384 3039 1413 3093 in

155 3145 207 3184 usu
225 3129 319 3186 fuisse.
353 3132 439 3187 mults
455 3131 567 3187 molitus
584 3132 714 3188 tractavit
731 3133 843 3188 Crusius
860 3132 929 3186 Mus.
947 3131 1035 3186 Rhen.
1053 3129 1130 3185 XLV
1148 3132 1235 3195 (1890)
1252 3144 1280 3196 p.
1292 3130 1350 3180 265.

240 3232 306 3288 item
325 3233 516 3290 aRhinthone
530 3234 636 3290 alienus
653 3235 804 3290 versiculus
821 3234 895 3303 apud
910 3233 1069 3289 Ciceronem
1087 3232 1123 3287 ad
1140 3231 1203 3286 Art.
1220 3231 1235 3286 Ι
1251 3234 1320 3296 ide
1338 3244 1413 3292 ιισιιι,

155 3320 189 3372 at
204 3317 248 3373 ait
262 3317 417 3386 Rhiathaa,
440 3323 473 3373 at
489 3319 592 3388 opiner,
613 3316 642 3374 oi
658 3319 712 3387 μέν
729 3313 803 3390 παρ’
821 3315 903 3376 οὐδέν
920 3319 989 3385 εἰσι,
1012 3327 1074 3384 τοῖς
1093 3311 1120 3374 d’
1139 3310 1222 3374 οὐδὲν
1238 3316 1325 3384 μέλει.
1360 3321 1413 3367 tra·

156 3401 244 3458 ditum
262 3410 305 3458 est
317 3404 446 3474 phiatas,
467 3404 543 3474 qued
555 3402 698 3457 Philemon
714 3419 802 3472 nuper
817 3404 911 3459 nescio
930 3404 992 3473 quis
1008 3404 1133 3459 correxit
1168 3417 1224 3472 qua
1241 3416 1324 3455 versu
1341 3403 1413 3453 recte

155 3486 274 3544 fortasse
292 3489 440 3558 opinantur
450 3488 590 3558 Euripidis
607 3488 694 3544 verba
710 3489 825 3558 exprimi
843 3489 938 3555 (Oenei
950 3488 984 3543 fr.
998 3493 1046 3543 565
1058 3489 1105 3556 Ν’)
1125 3486 1153 3546 οἳ
1169 3481 1297 3558 μὲνγὰρ
1315 3475 1413 3540 οὐκέτ’

156 3571 236 3639 εἰσιν,
259 3571 288 3630 οἳ
305 3567 333 3630 d’
352 3571 436 3641 ὄντες
451 3577 546 3632 κακοί.

241 3675 323 3745 plane
346 3676 479 3732 incertum
502 3684 545 3732 est
566 3677 643 3747 quod
664 3677 817 3733 Meinekius
840 3678 915 3747 apud
932 3676 1101 3748 Hesychium
1123 3674 1279 3744 corrigebat
1295 3670 1412 3743 έυμυχα-

156 3806 250 3868 νεύειν
266 3808 377 3884 (ένμαχ-
394 3813 470 3876 cedi·
496 3811 711 3886 ἐγκεκλεῖσθαι,
732 3808 812 3883 παρὰ
831 3809 964 3871 Ῥλυθαινι
984 3782 1151 3886 (ιίγειτονον
1171 3811 1242 3876 ced).

687 4107 886 4115 ----
