3150 5018
574 931 893 998 ΣΩΦΡΟΝΟΣ
929 931 1094 999 MIMOI

698 1103 713 1158 Ι
739 1106 964 1160 ΓΥΝΔΙΚΕΙΟΙ

723 1250 951 1309 ΑΚΕΣΤΡΙΑΙ

673 1365 690 1424 1
713 1365 766 1433 (28
788 1363 863 1425 Ahr.
903 1367 919 1425 1
943 1363 1000 1438 Βο)

293 1481 336 1534 Et.
355 1478 466 1549 genuin.
490 1479 543 1546 (Et.
561 1478 597 1532 M.
616 1483 674 1544 573,
687 1483 730 1544 54)
752 1477 939 1552 μακάρτατος
956 1518 983 1533 ..
1000 1477 1149 1548 μεμπτέον
1171 1474 1321 1553 Σώφρονα
1345 1479 1470 1552 λέγοντα

511 1581 704 1665 φωρτάτους
726 1583 775 1648 αἐί
796 1582 964 1666 καπήλους
986 1587 1162 1666 παρέχεται.

208 1701 285 1757 Suid.
308 1699 436 1774 κάπηλος
459 1705 488 1755 οῖ
508 1701 605 1756 melius
627 1701 723 1756 eadem
747 1701 835 1757 Cram.
857 1703 915 1757 An.
938 1702 988 1759 Ox.
1006 1701 1034 1755 11
1054 1705 1141 1768 456‚2
1166 1697 1270 1773 ἕτερόν
1290 1701 1372 1758 ἐστιν
1394 1701 1470 1758 σίνο-

210 1785 307 1859 πώλης
322 1791 372 1844 καί
389 1784 493 1858 ἕτερον
508 1783 651 1859 κάπηλος·
669 1779 869 1860 καθόλουγὰρ
881 1786 950 1852 τοὺς
961 1783 1130 1852 πωλοῦντας
1148 1808 1173 1844 τι
1191 1783 1339 1858 καπήλους
1357 1781 1468 1859 ἔλεγον.

210 1867 345 1944 ἔστιγὰρ
362 1875 411 1928 καί
429 1866 509 1943 παρὰ
528 1867 667 1943 Σώφρονι
684 1869 717 1929 ἐν
733 1879 797 1938 ταῖς
812 1869 994 1944 Ἀκεστρίαις.

296 1953 485 2030 φωροτάτους
502 1956 552 2010 Et:
571 1973 638 2011 corr.
656 1956 811 2012 Blomfield.

660 2116 701 2175 *2
725 2114 779 2190 (64
793 2113 869 2177 Ahr.
895 2116 937 2176 46
953 2112 1010 2189 Βο)

582 2226 682 2299 ἄκουε
704 2241 766 2298 νῦν
788 2238 842 2297 καὶ
864 2234 948 2314 ἐμεῦ,
965 2230 1084 2313 Ῥόγκα.

256 2427 262 2446 Ι
298 2346 394 2416 Apoll.
413 2348 448 2404 de
465 2364 543 2418 pron.
561 2366 588 2418 p.
601 2353 658 2404 820
683 2346 763 2417 ἐμεῦ·
789 2349 871 2421 κοινιὶ
894 2341 997 2406 Ἰιένων
1018 2351 1067 2405 καί
1086 2345 1230 2419 Δωριέων.
1264 2340 1365 2404 ’ἄκουε
1384 2339 1470 2402 ..‘P.‘

212 2436 396 2590 Σωφῖοέέφκα
414 2518 482 2574 eod:
499 2533 567 2573 corr.
578 2518 772 2574 Wilamowitz.
802 2519 933 2591 Hesychii
945 2518 1039 2588 glossa
1052 2522 1124 2583 (ante
1137 2514 1265 2589 ῥογκιῆυ]
1283 2513 1387 2588 ῥογία·
1408 2507 1471 2572 α’κέ-

212 2624 296 2677 στρια
313 2604 431 2660 fortasse
449 2604 488 2659 sic
505 2604 677 2659 emendanda
690 2599 808 2675 Ῥόγκα·
835 2599 1008 2676 (Σώφρων)
1026 2598 1207 2674 Ἂκεστρίαις.

372 2769 444 2827 τοι
460 2769 669 2828 rmum
689 2769 739 2826 Al
759 2768 845 2826 mv
864 2769 979 2827 ουοιν
1000 2768 1132 2827 mm
1147 2759 1319 2834 οΞυΛΑιν

298 2878 431 2948 Apollon.
450 2877 485 2933 de
502 2877 567 2932 adv.
584 2894 611 2947 p.
625 2881 710 2944 59²2ss
734 2874 769 2934 τὸ
788 2873 844 2949 γὰρ
863 2875 891 2933 οῖ
914 2878 961 2933 τοί
977 2895 1048 2948 φασι
1066 2881 1187 2950 Δωριεῖς
1207 2877 1255 2932 καί
1274 2868 1310 2931 τὸ
1330 2871 1361 2930 αῖ
1378 2876 1428 2929 ταί
1446 2912 1471 2925 ..

216 2963 289 3037 λέγω
307 2963 337 3021 δέ
356 2955 406 3022 ὅτε
423 2958 498 3021 κατὰ
516 2963 712 3037 προτακτικὴν
729 2961 812 3020 θέσιν
828 2960 890 3019 ἐστί
906 2960 942 3018 τὸ
960 2958 1088 3034 ἄρθρον·
1107 2959 1170 3019 ἐπεὶ
1188 2951 1239 3018 ὅτε
1255 2979 1290 3031 γε
1306 2955 1382 3016 καθ’
1401 2951 1471 3014 ὑπό-

216 3052 297 3116 ταξίν
313 3050 387 3116 ἐστι,
410 3047 446 3106 τὸ
464 3051 491 3106 ἶ
509 3043 543 3106 οὐ
560 3046 676 3114 πάντως
700 3045 908 3120 προστιθέασιν
926 3083 954 3101 ..
973 3037 1045 3104 ὅθεν
1064 3038 1128 3104 οὐδ’
1146 3044 1327 3114 ἐπίμεμπτον
1350 3038 1409 3100 <ταί
1426 3062 1472 3114 γυ·

216 3142 312 3200 ναῖκες
329 3132 359 3191 αἳ
377 3155 431 3191 ταν
448 3127 521 3190 θεόν
538 3154 624 3205 φαντι
641 3127 762 3200 ἐξελᾰν’.
790 3138 834 3187 est
849 3139 941 3187 autem
958 3127 1118 3198 ἐξελαύνειν
1135 3131 1154 3184 i.
1167 3147 1194 3200 q.
1211 3127 1312 3196 ἐξιέναι
1331 3144 1354 3182 ε.
1367 3125 1473 3198 ἐξέχειν

216 3226 318 3285 ποιεῖν,
336 3218 388 3274 dea
398 3218 477 3274 Luna
488 3226 538 3274 est.
567 3235 602 3274 ex
613 3218 666 3273 hoo
677 3217 762 3271 mimo
773 3216 911 3272 Theocriti
924 3217 1159 3272 Pharmaceutriae
1177 3230 1336 3284 expressum
1355 3228 1472 3275 carmen,

215 3303 390 3359 πωὴλ

689 3429 708 3488 3
732 3429 786 3502 (33
800 3424 876 3489 Ahr.
907 3424 997 3501 υΒο)

302 3542 407 3597 Athen.
425 3540 468 3596 XI
484 3539 563 3596 4801)
586 3541 703 3606 κυαθίς·
727 3543 887 3607 κοτυλῶδες
904 3538 1030 3612 ἀγγεῖον.
1067 3541 1101 3594 Σ.
1119 3532 1151 3594 έν
1169 3539 1220 3593 τῶι
1237 3530 1473 3607 ἐπιγραφομένωι

217 3628 307 3697 μίμωι
325 3631 464 3692 Γυναῖκες
482 3623 512 3682 αἳ
529 3624 583 3683 τάν
599 3621 674 3682 θεόν
690 3645 776 3696 φαντι
793 3622 892 3692 ἐξελᾶν
907 3620 1016 3691 (ἔλεξαν
1032 3622 1094 3688 cod)

346 3728 618 3814 ὑποκατώρυκται
639 3734 672 3797 δέ
694 3732 729 3795 ἐν
751 3735 881 3795 κυαθίδι
903 3725 1033 3813 τρικτὺς
1055 3721 1336 3810 ἀλεξιφαρμάκων.

285 3867 396 3921 τρικτοι
414 3848 457 3901 A:
475 3862 542 3902 corr.
561 3846 719 3917 Schweigh,
740 3846 776 3902 cf.
793 3845 949 3915 Epicharmi
965 3844 999 3899 fr.
1013 3847 1070 3899 187.

830 4024 851 4082 4

306 4139 396 4195 Schol.
408 4137 522 4192 Theoer.
534 4139 562 4191 11
574 4143 606 4192 70
625 4133 731 4204 ταύτας
746 4131 802 4209 γὰρ
816 4136 842 4202 (i.
854 4152 879 4191 e.
891 4129 943 4207 τὴν
955 4130 1083 4206 Σελήνην
1099 4133 1148 4188 καὶ
1165 4131 1217 4199 τὴν
1232 4119 1362 4201 Ἑκοῖτην)
1381 4148 1479 4199 συνερ-

220 4224 291 4298 γοὺς
307 4226 348 4291 εἰς
366 4223 403 4283 τὰ
422 4228 488 4296 περί
505 4226 558 4282 τοῦ
573 4221 722 4295 ἐρωμένου
739 4218 878 4295 φάρμακα
896 4213 1128 4292 παραλαμβάνει.
1163 4214 1224 4287 τὴν
1244 4214 1279 4272 δέ
1300 4216 1349 4270 τῶ
1354 4233 1371 4269 ν
1389 4233 1481 4285 φαρ-

218 4307 339 4380 μάκων
355 4305 537 4369 ὑπόθεσιν
553 4307 616 4375 (hoc
627 4324 689 4364 voc.
701 4308 730 4362 in
741 4307 838 4362 lacuna
848 4304 998 4375 perexigua
1012 4319 1066 4359 om.
1078 4300 1178 4366 Ambr)
1196 4297 1230 4356 ἐκ
1241 4301 1300 4356 τῶν
1313 4293 1482 4371 Σώφρονος

219 4393 410 4468 ίεῦφορίωνος
427 4393 512 4449 codd:
531 4410 599 4449 corr.
616 4393 716 4459 Adon)
740 4393 837 4462 μίμων
860 4389 1023 4462 μεταφέρει.
1059 4384 1201 4456 corrigunt
1223 4386 1283 4440 τῶν
1308 4386 1482 4453 Φαρμακευ-
