3150 5018
641 303 794 354 'I'ZE'PZAE
1305 301 1345 361 19

93 496 163 554 ραις
186 468 259 538 οὖσι
281 478 335 537 καί
356 470 392 538 τὸ
416 475 598 555 ἐπικερδὲσι.
623 471 775 556 δεύτερον
794 470 877 538 κατὰ
899 479 1119 554 συνωνυμίαν,
1142 471 1189 553 ὡς
1205 471 1243 540 τὸ
1260 471 1346 558 ίἥκω

52 580 146 639 35καί
168 574 374 658 κατέρχομαι’
397 576 499 649 (Arist.
522 579 597 636 Ran-
623 576 732 652 1156)·
764 571 886 640 ταότὸν
915 570 977 659 γάρ
1007 577 1079 641 ἐστι.
1126 583 1238 658 τρίτον
1263 574 1346 642 κατὰ

93 675 291 759 α’δολεσχίαν,
315 675 360 755 ῶς
382 674 463 742 ὅταν
484 702 533 755 τις
555 685 615 742 τῶι
638 676 739 743 αότῶι
762 672 898 754 ὀνόματι
920 675 1078 755 πολλάκις
1097 674 1260 761 χρήσηται
1299 683 1346 744 τὲ·

92 803 214 860 ταρτον
243 776 326 845 κατὰ
354 786 580 862 παρωνυμίαν,
613 778 658 857 ὡς
687 776 768 845 ὅταν
794 787 853 845 τῶι
882 786 1000 862 κυρίωι
1024 777 1128 862 (τῶν)
1153 781 1276 859 ἔξωθέν
1297 806 1346 860 τις

92 877 308 962 καθάπτηται,
342 879 387 959 ὡς
413 880 451 946 τὸ
470 868 794 960 “Μῶμαξ”καλοῦμαι
818 882 936 959 μίδας’.
982 886 1129 960 πέμπτον
1156 879 1238 948 κατά
1265 881 1349 948 ὑπο·1

92 980 262 1066 κορισμόν,
283 982 328 1062 ὡς
343 982 380 1048 τὸ
391 981 647 1065 (Σωκρατίδιον
663 980 885 1067 Ἔόριπίδιον’
899 985 963 1062 (Ar.
978 985 1056 1050 Nnb.
1075 988 1145 1050 222.
1168 985 1245 1046 Aeh.
1261 990 1343 1057 475).

53 1085 189 1150 4θὲκτον
218 1082 301 1150 κατὰ
329 1081 517 1168 ἐναλλαγήν,
552 1082 596 1162 ὡς
623 1082 663 1150 τὸ
685 1079 730 1149 ‘ni
756 1091 839 1151 Βδεῦ
867 1085 1022 1153 δέσποτα’
1050 1084 1122 1151 άντί
1144 1093 1206 1151 τοῦ
1227 1080 1255 1150 ὦ
1275 1095 1344 1154 Ζιῦ.
1439 1081 1455 1088 ”

93 1187 236 1263 ἕβδομον
257 1183 338 1250 κατὰ
362 1195 462 1268 σχῆμα
484 1190 617 1265 λέξεως·
648 1195 749 1253 τοῦτο
772 1191 804 1252 δὲ
826 1186 846 1271 ἢ
868 1196 975 1272 φωνῆι
996 1195 1116 1268 γίνεται
1138 1185 1157 1269 ἢ
1179 1203 1249 1266 τοῖς
1270 1187 1347 1266 ὁμο·
1407 1189 1409 1193 ’

94 1290 225 1367 γενέσιν.
267 1293 313 1353 18.
338 1289 372 1352 ἐκ
392 1292 425 1353 δὲ
440 1296 508 1353 τῶν
522 1284 721 1372 πραγμάτων
743 1285 824 1353 κατὰ
846 1286 991 1372 τρόπους
1013 1287 1088 1354 δόο·
1110 1296 1244 1372 πρῶτον
1264 1288 1346 1356 κατὰ

93 1386 231 1471 άπάτην,
254 1388 300 1466 ὡς
314 1387 515 1473 Στρεψιάδης
536 1395 678 1468 πεισθείς
699 1389 832 1472 α’ληδείς
853 1392 935 1456 εἶναι
956 1388 1035 1470 τοὺς
1056 1397 1129 1473 περί
1150 1388 1278 1474 φόλλης
1292 1388 1346 1456 λό-

94 1513 172 1569 γους
194 1493 295 1562 (Arist.
317 1493 395 1555 Nnb.
422 1494 504 1570 145).
548 1488 698 1575 δεύτερον
720 1489 1002 1571 κατὰ-ὁμοίωσιν·
1028 1492 1048 1575 ἢ
1071 1498 1103 1558 δὲ
1125 1491 1281 1572 ὁμοίωσις
1302 1498 1346 1570 είς

53 1588 151 1656 15δόο
174 1595 328 1674 τέμνεται,
352 1591 371 1676 ἢ
395 1599 438 1671 εἰς
460 1590 497 1658 τὸ
519 1597 658 1674 βέλτιον,
674 1591 929 1673 7ῶςδΞανθίοις
950 1593 1179 1678 είςἮρακλῆν,
1201 1593 1221 1677 ἢ
1242 1599 1286 1672 είς
1307 1591 1348 1658 τὸ

91 1707 212 1775 χεῖρον,
235 1690 280 1772 ῶς
303 1694 321 1761 ὁ
344 1693 504 1774 Διόνυσος
526 1702 570 1774 είς
591 1696 741 1772 Ξανθίαν
762 1698 825 1775 (Ar.
847 1699 922 1759 Ran.
946 1702 1017 1765 495.
1043 1702 1125 1773 499).

695 1951 746 2014 Pb

177 2084 193 2144 1
218 2091 266 2150 19.
296 2083 409 2151 Ἰστὲον
432 2083 483 2151 δτι
499 2085 704 2170 Ἀλέξανδρος
727 2086 745 2152 ὁ
768 2083 916 2166 Αἰτωλὸς
937 2094 991 2154 καί
1012 2083 1198 2168 Λυκόφρων
1221 2082 1239 2151 ὃ
1262 2093 1348 2151 Χαλ·

91 2182 197 2263 κιδεὺς
225 2184 290 2275 ὑπὸ
311 2195 515 2267 Πτολεμαίου
539 2197 601 2254 τοῦ
626 2192 829 2270 Φιλαδέλφου
843 2192 1094 2273 ,προτραπέντες
1114 2185 1172 2265 τὰς
1195 2184 1350 2270 σκηνικάς

93 2285 286 2369 διῶρθωσαυ
307 2296 459 2371 βίβλους,
481 2286 668 2374 Λυκόφρων
689 2295 748 2368 μὲν
770 2289 828 2369 τάς
849 2299 907 2375 τῆς
927 2296 1125 2372 κωμωιδίας,
1141 2288 1346 2371 Ἀλέξανδρος

93 2393 125 2454 δὲ
147 2387 205 2468 τάς
219 2399 275 2473 τῆς
289 2397 491 2475 τραγωιδίας,
514 2390 597 2459 α’λλὰ
620 2389 657 2476 δη
679 2400 733 2459 καί
755 2391 812 2472 τὰς
827 2389 1042 2483 σατυρικάς.
1046 2397 1094 2458 20.
1119 2389 1214 2473 δγάρ
1229 2400 1347 2458 Πτολε-

64 2501 187 2569 5μαῖος
211 2490 481 2575 φιλολογῶτατος
509 2492 558 2560 ῶν
586 2493 637 2561 διὰ
660 2497 844 2580 Δημητρίου
872 2504 935 2573 τοῦ
959 2497 1130 2578 Φαληρέως
1151 2498 1205 2558 καί
1227 2494 1346 2574 ἑτέρων

93 2593 274 2673 ἐλλογίμων
297 2593 427 2680 α’νδρῶν
449 2593 607 2676 δαπάναις
629 2605 809 2676 βασιλικαῖς
832 2593 1059 2678 ἁπανταχόθεν
1080 2592 1138 2674 τάς
1153 2602 1287 2674 βίβλους
1303 2599 1346 2672 εἰς

89 2691 328 2779 Ἀλεξάνδρειαν
351 2694 565 2781 συνήθροισεν
586 2706 640 2765 καί
659 2705 734 2768 δυσί
751 2695 974 2781 βιβλιοθήκαις
988 2694 1108 2776 ταότας
1123 2695 1277 2763 ἀπέθετο
1298 2690 1347 2761 ὧν

76 2803 150 2879 ’τῆς
172 2795 263 2876 ἐκτὸς
284 2803 343 2876 μὲν
369 2798 507 2881 αριθμὸς
533 2800 795 2885 τετρακισμύριαι
823 2806 971 2882 δισχίλιαι
1000 2795 1196 2872 ὀκτακόσιαι,
1228 2805 1284 2879 τῆς
1313 2800 1346 2862 δὲ
1398 2827 1400 2831 ·

92 2906 161 2962 τῶν
183 2896 393 2983 ανακτόρων
400 2899 491 2981 ἐντὸς
514 2910 682 2984 συμμιγῶν
702 2908 761 2982 μὲν
786 2909 911 2981 βίβλων
939 2898 1076 2983 άριβμός
1105 2895 1346 2980 τεσσαράκοντα

54 3011 87 3061 10
85 2997 252 3083 μυριάδες
287 3001 412 3083 α’μιγῶν
441 3008 491 3069 δὲ.
500 3011 555 3070 καί
584 3004 700 3071 ἁπλῶν
721 3001 987 3087 μυριάδεςέννέα
998 2995 1087 3066 ῶν
1109 3025 1187 3078 τους
1209 3007 1346 3078 πίνακας

94 3097 231 3184 υστερον
245 3111 449 3224 Καλλίμαχος
471 3104 689 3190 α’πεγράψατο.
726 3112 775 3173 21
801 3105 1068 3188 Ἐρατοσθένειδὲ
1082 3101 1248 3185 ηλικιώτηι
1264 3111 1347 3167 Καλ·

93 3203 231 3286 λιμάχου
253 3204 340 3289 παρὰ
362 3215 424 3273 τοῦ
445 3206 651 3287 βασιλέως
619 3234 658 3274 το
672 3216 827 3285 τοιοῦτον
842 3203 1050 3288 ἐνεπιστεόδη
1064 3200 1345 3285 βιβλιοφυλάκιου.

91 3303 131 3371 τὰ
156 3311 189 3372 δὲ
212 3314 470 3391 συνηθροισμένα
492 3318 601 3390 βιβλία
630 3310 690 3394 οὐχ
707 3308 874 3395 Ἑλλήνων
895 3306 1000 3403 μόνον
1023 3305 1106 3373 άλλὰ
1127 3313 1181 3372 καί
1202 3315 1269 3372 τῶν
1291 3305 1347 3373 άλ-

93 3416 162 3473 λων
185 3406 342 3476 ἁπάντων
364 3413 473 3477 ἐθνῶν
494 3408 576 3495 ἦσαν
597 3421 652 3482 καί
673 3411 711 3499 δὴ
733 3419 787 3479 καί
803 3410 964 3495 Ἑβραίων
986 3407 1106 3476 αότῶν.
1145 3406 1201 3487 τὰς
1224 3406 1260 3493 δι’]
1284 3404 1345 3475 οὖν

179 3664 212 3714 36
231 3659 359 3716 πολλάκις
375 3683 424 3719 om.
443 3669 509 3727 Qet
525 3669 609 3719 Λυσι.
623 3670 660 3720 ef.
678 3669 784 3721 Anietei.
803 3668 882 3732 Soph.
900 3666 998 3717 elench.
1015 3680 1041 3730 n
1056 3663 1127 3716 1651)
1146 3665 1178 3715 15
1260 3655 1302 3714 37.
1312 3665 1344 3715 38

93 3743 203 3805 ἔξοδόν
226 3765 255 3799 τι
271 3749 431 3816 κατάθηται
448 3754 556 3804 Tzetzee
573 3755 651 3816 eodd,
675 3751 785 3814 ἔξωθέν
802 3767 843 3803 τιν
860 3752 900 3815 (τι
909 3751 941 3816 (i)
958 3740 1083 3814 νἅπτηται
1100 3749 1184 3799 Anon.
1202 3748 1346 3797 emendatio

92 3831 255 3896 imperfecte,
279 3850 369 3886 senens
386 3837 430 3887 hie
452 3829 483 3887 ‘si
501 3838 560 3901 quin
577 3839 682 3903 proprio
699 3839 802 3889 nemine
819 3836 951 3886 enuntiato
969 3834 1047 3884 simul
1068 3833 1140 3883 eliud
1157 3831 1221 3895 quid
1238 3847 1285 3896 per
1302 3833 1346 3882 ed·

92 3915 292 3969 nominationem
304 3913 506 3986 significaveris,
526 3924 558 3974 ei.
571 3923 647 3974 Rhet.
660 3922 693 3972 ed
704 3924 819 3974 Herenn.
831 3937 856 3985 p.
867 3922 976 3983 320,10.
1001 3919 1121 3969 Tiberine
1132 3919 1164 3967 de
1175 3918 1217 3980 fig.
1229 3918 1302 3968 Dem.
1313 3918 1345 3970 27

144 4004 178 4053 38
200 4001 304 4070 μῶμαξ
320 4005 343 4063 Q
360 4010 386 4055 et
402 4007 487 4059 Anon.
511 4005 623 4073 (βῶμαξ
640 4007 687 4070 U):
716 4003 804 4072 μίμαξ
820 4005 912 4066 MPV3
942 4001 1054 4070 Μώμαξ
1077 3997 1210 4067 καλοῦμαι
1230 3996 1352 4052 Μειδίαν
1400 4052 1402 4058 ,

92 4086 223 4149 Meineke,
248 4089 293 4140 sed
311 4091 454 4153 requiritur
475 4092 571 4155 gentile
588 4093 663 4143 velut
680 4085 816 4157 Μωμίδηι
906 4092 940 4141 40
958 4090 992 4140 ad
1008 4088 1089 4139 Arist.
1105 4087 1165 4151 Lys.
1183 4089 1234 4138 940
1255 4087 1347 4138 referri

92 4171 178 4222 voluit
194 4173 306 4224 Dindori
377 4177 411 4226 41
428 4180 535 4244 γίνεται
551 4178 568 4241 ἢ
588 4181 680 4245 φωνῆι
695 4176 779 4227 Anon.
852 4177 886 4228 43
904 4179 990 4242 ψυχῆς
1006 4173 1130 4223 traditum

160 4290 205 4341 Pb
251 4299 353 4345 servem
369 4296 433 4346 haee
450 4295 478 4345 in
495 4296 578 4358 MI'V,
604 4295 727 4346 distinete
744 4311 760 4346 a
776 4296 955 4360 superioribus
970 4293 998 4343 in
1016 4294 1056 4355 M,
1074 4292 1168 4341 desunt
1183 4272 1213 4340 in
1231 4291 1278 4351 QR

160 4376 174 4424 Ι
200 4375 296 4428 similia
312 4395 338 4430 v.
355 4381 403 4431 Ma
420 4386 448 4431 et
463 4382 514 4431 Mb
531 4382 600 4431 inire
617 4397 642 4445 p.
655 4383 695 4431 24.
709 4382 741 4432 31
794 4375 862 4444 4δή
881 4379 969 4431 om.V
1020 4379 1105 4446 δγάρ
1125 4374 1210 4427 rotV
1261 4379 1346 4442 ὃμὲν

92 4454 127 4519 ῆν
143 4459 168 4509 v
233 4464 263 4515 11
283 4468 460 4534 ιπηριψιτι
477 4467 535 4530 nn,
554 4466 586 4517 α.
604 4481 630 4529 p.
644 4467 730 4528 31,14
799 4466 831 4516 ιν
851 4465 886 4515 τι
902 4469 1037 4515 τοιοῦτον
1054 4462 1149 4513 renus
1166 4476 1193 4526 p.
1206 4462 1289 4524 31,15

366 4561 368 4563 ,
1106 4549 1141 4598 2*
