3150 5018
534 1108 607 1185 III.
652 1104 1031 1183 PHLYAGES

639 1315 666 1374 1.
698 1311 935 1373 RHINTHON

309 1446 489 1501 Tnsrmronm

245 1568 258 1618 1
285 1564 375 1620 Anth.
392 1565 423 1620 P.
441 1565 495 1620 VH
512 1568 563 1618 414
582 1564 727 1629 Νοοοίδος
744 1565 794 1633 τῆς
810 1564 977 1631 μελοποιοῦ.

363 1669 420 1722 Καὶ
437 1660 571 1739 καπυρὸυ
587 1656 713 1738 γελοίους
729 1665 911 1736 καραμείβεο
933 1666 982 1719 καί
999 1665 1085 1734 φίλον
1102 1659 1190 1722 είτιὼν

413 1743 482 1823 ῥῆμ’
501 1743 550 1808 ἐπ’
568 1743 648 1821 ἐμοί·
668 1744 789 1807 Ῥίνθων
807 1742 865 1818 εἴμ’
885 1741 901 1804 ὁ
923 1745 1113 1819 Συρακόσιος,

364 1832 512 1894 Μουσάων
531 1829 613 1907 ὀλίγη
631 1855 673 1901 τις
690 1826 817 1905 οίηόουίς·
847 1824 918 1890 ἀλλὰ
936 1829 1072 1904 φλυοίκων

413 1919 447 1978 ἐκ
463 1924 609 1993 τραγικῶν
625 1916 698 1977 ίίιον
714 1916 817 1975 κισσὸν
833 1909 1027 1990 έδρεφοίμεθα.

308 2035 322 2076 a
340 2025 445 2093 Συρηκ.
462 2021 544 2088 Plan,
566 2021 740 2077 scribendum
756 2019 850 2089 potius
867 2024 924 2073 ἀθ
943 2013 1036 2092 ὀλίγοι.

242 2179 257 2228 2
286 2174 440 2244 Stephanus
456 2176 523 2247 Byr.
541 2191 569 2244 p.
581 2179 630 2229 663
658 2169 804 2246 Τάρας..
827 2166 980 2245 ὃπολίτης
1001 2177 1185 2247 Ταραντῖνος.
1220 2179 1270 2232 καί
1292 2169 1412 2250 ἀνεγρά-

156 2279 253 2332 φησαν
270 2251 347 2318 ohta
365 2263 469 2318 πολλοί
485 2262 724 2332 χρηματίζοντες,
740 2256 864 2327 μάλιστα
884 2253 1093 2330 Πυθαγόρειοι,
1109 2262 1159 2316 καί
1176 2252 1368 2333 Ἀριστόξενος
1384 2302 1411 2317 ..

156 2347 206 2400 καί
224 2339 353 2412 Ῥίνθων,
380 2350 557 2417 Ταραντῖνος
579 2340 683 2416 φλύαξ,
710 2343 746 2402 τὰ
770 2341 890 2414 τραγικοὶ
915 2345 1156 2415 μεταρρυθμίζων
1178 2339 1207 2410 ἐς
1229 2342 1263 2402 τὸ
1286 2351 1411 2418 γελοῖον.

156 2428 295 2499 φέρονται
314 2423 341 2486 δ’
360 2425 449 2488 αὐτοῦ
467 2426 598 2502 δράματα
617 2424 658 2502 λη’
677 2428 750 2495 (hinc
767 2429 844 2483 Eust.
862 2429 898 2483 ad
915 2428 999 2482 Dion.
1017 2446 1045 2482 v.
1057 2432 1124 2493 376).
1159 2429 1336 2486 Tarentinum
1354 2449 1412 2488 sae·

154 2513 268 2582 pissime
289 2522 403 2581 vocant,
430 2515 542 2570 natione
568 2521 660 2569 tamen
683 2514 882 2585 Syracusanum
908 2513 993 2568 fuisse
1016 2513 1128 2568 Ncssidi
1154 2515 1303 2571 credemus.
1338 2519 1412 2586 apud

156 2597 324 2667 Stephanum
345 2600 529 2669 interpunctio
551 2600 591 2654 ita
612 2599 744 2654 mutanda
766 2607 836 2665 erat,
859 2606 890 2653 ut
911 2597 997 2653 verba
1016 2600 1191 2670 Ταραντῖνος
1208 2595 1301 2669 φλύαξ
1319 2598 1410 2667 (veli

159 2687 188 2740 Τ.
201 2689 257 2755 φλ,
274 2685 314 2740 uti
326 2686 419 2755 paullo
431 2691 496 2754 post
513 2679 604 2750 Ἴκκος
621 2679 636 2740 ὃ
652 2690 830 2757 Ταραντῖνος
847 2680 956 2754 ἰατρός)
973 2683 1045 2738 inter
1056 2699 1085 2738 se
1097 2683 1282 2753 iungerentur.
1311 2684 1411 2742 Taren-

154 2770 275 2825 tinorum
297 2771 438 2840 proprium
460 2776 519 2825 crat
539 2769 685 2841 phlyacum
702 2786 791 2840 genus
808 2769 927 2838 ideoque
950 2768 997 2837 qui
1017 2768 1070 2823 hoc
1087 2785 1175 2838 genus
1193 2768 1337 2824 excolebat
1352 2771 1411 2827 iure

154 2855 319 2911 Tarentinus
336 2856 430 2912 vocari
446 2862 562 2925 poterat.

241 3014 255 3064 3
284 3008 383 3066 Suidas
400 3001 531 3074 Ῥίνθων,
556 3012 733 3079 Ταραντῖνος
749 3003 888 3076 κωμικός,
910 3000 1037 3078 οἷρχηγὸς
1054 3010 1103 3078 τῆς
1119 3008 1296 3081 καλουμένης
1313 3008 1410 3085 ίλαρο-

155 3095 339 3163 τραγωιδίας,
364 3085 381 3149 δ’
399 3090 460 3150 ἐστί
476 3093 710 3164 φλυακογραφία.
744 3090 807 3158 υίὸς
823 3085 851 3149 δ’
869 3083 905 3162 ἧν
922 3131 929 3146 .
948 3131 954 3144 .
974 3131 980 3144 .
999 3090 1147 3162 κεραμέως
1163 3096 1212 3148 καί
1228 3092 1347 3166 γέγονεν
1364 3093 1410 3152 έπί

156 3179 210 3232 τοῦ
226 3173 347 3250 πρώτου
364 3179 556 3247 Πτολεμαίου.
592 3172 723 3246 δράματα
747 3170 775 3233 δ’
799 3170 887 3234 αὐτοῦ
909 3170 1021 3246 κωμικὰ
1045 3171 1166 3248 τραγικὰ
1185 3177 1212 3243 (l.
1230 3199 1411 3251 κωμικοτρα-

154 3255 232 3333 γικίι)
244 3257 293 3332 λη’.
319 3264 405 3331 patris
417 3279 518 3318 nomen
530 3262 676 3328 intercidit,
693 3262 746 3316 nisi
758 3260 830 3317 forte
849 3261 998 3331 κεραμέως
1009 3278 1071 3317 voc.
1084 3277 1118 3316 ex
1129 3262 1191 3331 ipso
1203 3263 1315 3318 nomine
1326 3265 1412 3333 patris

154 3352 311 3415 corruptum
328 3354 417 3416 putes.
452 3348 487 3402 de
504 3347 636 3403 hilarodis
654 3355 683 3402 et
698 3348 826 3417 magodis
843 3365 871 3401 v.
889 3347 993 3401 Athen.
1012 3347 1080 3402 XIV
1097 3351 1155 3402 620.
1174 3352 1232 3401 621.

241 3503 257 3552 4
283 3499 408 3556 Sosibius
426 3501 499 3571 apud
518 3500 623 3575 Athen.
640 3501 708 3556 XIV
726 3499 798 3554 orti
821 3500 921 3558 τοῦδέ
939 3496 1030 3566 είιίους
1048 3505 1106 3557 τῶν
1124 3504 1290 3572 δικηλιοτῶν
1307 3506 1411 3560 πολλαί

154 3578 230 3642 κατὰ
248 3580 358 3652 τόπους
380 3585 435 3644 εἰσί
452 3587 653 3658 προσηγορίαι.
690 3582 844 3642 Σικυώνιοι
860 3585 914 3655 μὲν
935 3580 992 3658 γὰρ
1010 3581 1215 3659 φαλλοφόρους
1238 3578 1342 3654 αὖτοὺς
1358 3609 1410 3645 κα-

154 3671 262 3736 λοῦσιν,
280 3664 363 3728 ἄλλοι
380 3663 409 3727 δ’
428 3664 670 3744 αὐτοκαβδάλους,
688 3669 717 3728 οἳ
734 3671 764 3728 δὲ
781 3665 918 3742 φλύακας,
936 3665 976 3736 ὥς
992 3662 1102 3727 Ἰταλοί.

242 3827 256 3877 5
282 3822 409 3879 Donatus
426 3824 462 3879 de
479 3839 548 3878 com.
566 3840 589 3877 c.
605 3824 646 3880 VI
664 3828 678 3877 1
698 3828 789 3892 (supra
805 3840 832 3892 p.
845 3827 887 3888 68)
913 3822 1050 3878 comoedia
1076 3826 1167 3878 οιιίωιι
1188 3825 1291 3880 multae
1312 3826 1411 3895 speeies

156 3905 244 3961 hahet.
271 3911 322 3963 οιιί
332 3908 404 3963 τοίου
417 3908 540 3978 palliata
553 3911 594 3962 est
609 3912 660 3963 aut
671 3911 763 3978 ίοφοίο
780 3911 832 3963 aut
848 3907 1006 3962 tabernaria
1024 3912 1075 3963 οιιί
1086 3909 1227 3964 Attalicas
1244 3913 1295 3964 οιιῖ
1310 3910 1411 3966 mimus

158 3995 209 4046 aut
223 3991 391 4048 Βλοίίιοιιίοο
408 3997 459 4048 out
470 3992 643 4063 planipedis.
678 3993 773 4048 eadem
791 3992 886 4064 Lydus
903 3992 939 4047 de
956 3993 1078 4062 magistr.
1098 3997 1120 4059 1,
1132 3998 1174 4060 46,
1198 3995 1245 4063 qui
1263 3995 1341 4050 addit
1362 4000 1411 4052 καί

151 4071 316 4150 Ῥινθωνικὴ
335 4072 351 4150 ἣ
368 4075 494 4148 έξωτικὴ,
511 4085 540 4133 et
551 4077 704 4133 Euanthius
722 4094 744 4132 o.
756 4078 796 4133 IV
810 4082 822 4130 1
844 4083 934 4145 (supra
951 4094 978 4146 p.
992 4081 1043 4143 66),
1062 4078 1109 4147 qui
1128 4078 1167 4132 ait
1177 4076 1358 4134 Biathoaicaa
1375 4080 1409 4135 ob

155 4162 274 4217 auctoris
293 4163 405 4233 (actoris
422 4164 496 4219 trad:
509 4179 577 4218 corr.
589 4163 755 4228 IGVossius)
766 4162 883 4217 ιιοιιιίιιο.
910 4162 944 4216 ci.
957 4163 1014 4217 Leo
1027 4162 1144 4218 Hermae
1161 4164 1256 4219 XXIV
1275 4167 1306 4218 82
1317 4181 1358 4235 sq.

239 4320 254 4368 6
282 4316 377 4386 Lydus
395 4316 430 4371 de
441 4317 563 4386 magistr.
577 4321 601 4383 1,
612 4320 644 4370 41
660 4311 800 4372 Ῥίνθωνα
817 4318 865 4371 καί
878 4316 991 4389 Σκίραν
1007 4318 1056 4372 καί
1069 4320 1195 4373 Βλαῖσον
1211 4320 1261 4374 καί
1277 4313 1344 4385 τοὺς
1362 4314 1410 4377 ἆλ-

155 4404 223 4466 λους
242 4405 301 4457 τῶν
313 4404 523 4474 Πυθαγορείων
534 4396 722 4474 (πυθαγόρων
733 4399 873 4465 traditum)
891 4396 974 4470 ἴσμεν
992 4394 1026 4458 οὐ
1037 4405 1148 4473 μικρῶν
1166 4399 1346 4475 διδαγμοίτων
1362 4402 1408 4461 έπί
