3150 5018
715 267 869 318 'I’ZETZAE

409 437 515 522 ὥσπερ
538 434 724 520 Λυκόφρων
746 442 790 514 εἰς
811 433 1020 520 Ἀλεξάνδραν
1043 434 1172 520 γράφει·

407 542 519 621 ἄλλοις
541 539 601 623 γάρ
624 543 690 605 ἐστι
711 536 863 621 τραγικός
882 528 1092 622 χορεργάτης,

350 643 533 723 1411πολλάς
555 639 723 724 γεγραφὼς
745 647 798 705 καὶ
821 639 927 719 σοφάς
948 646 1150 724 τραγωιδλας.

452 747 533 828 ἐφην
555 743 591 809 τὸ
611 741 730 812 λοιπὸν
752 748 806 807 καλ
826 740 1010 821 μονοοιδούς
1033 762 1100 818 σοι,
1123 746 1252 808 τέκνον·

408 845 486 925 τοὺς
509 843 732 930 διθυράμβους
753 853 929 927 τοιγαροῦν
950 870 1007 924 μοι
1029 849 1169 911 λεκτέον.

409 945 503 1015 οὗτοι
525 946 661 1031 λυρικὸν
683 953 736 1013 καλ
755 945 858 1029 χορὸν
880 947 1017 1031 καλιὴν
1041 945 1152 1013 στάσιν

409 1058 462 1116 καὶ
485 1056 595 1133 δῶρον
617 1051 721 1130 εἶχον·
750 1049 790 1113 τά
813 1054 846 1115 δέ
868 1046 969 1117 λοιπά
991 1074 1048 1128 μοι
1070 1045 1162 1126 μάθε.

352 1164 394 1213 145
409 1156 440 1218 ολ
463 1149 545 1235 πρὸς
567 1148 626 1215 τὸν
648 1149 811 1216 Διόνυσον
833 1147 1015 1233 γράφοντες
1038 1149 1158 1231 λόγους

411 1250 833 1336 παμπλειστοσυστρόβητον
855 1255 1000 1337 ἔγραφον
1022 1257 1135 1333 μέλος,

409 1354 543 1438 οἷόνπερ
567 1352 665 1432 αύτὸς
688 1372 797 1436 στιχον
819 1354 940 1439 άρτέως
962 1357 1043 1438 ἐφην

408 1456 702 1535 άισματοκαμπτῶν
724 1464 1009 1524 πλειστοποικὶλοιι
1034 1453 1170 1538 τρόποιι.

405 1567 508 1624 ταῦτα
530 1557 565 1624 δ’
587 1559 722 1624 ἐποίουν
744 1556 971 1638 ἐκμιμούμενοι
992 1555 1137 1641 τρόπους

350 1672 392 1720 150
406 1658 484 1738 τοὺς
501 1658 676 1740 βακχικούς
694 1685 728 1725 τε
747 1666 801 1725 καλ
816 1659 960 1744 στροφάς
978 1656 1239 1741 πολυστρόφους.

405 1770 519 1844 κλῆσιν
541 1766 574 1826 δὲ
597 1759 800 1844 διθύραμβον
823 1764 926 1844 ἐσχον,
951 1759 977 1828 ὦ
1000 1766 1127 1836 τέκνον,

285 1940 287 1945 Ι
405 1864 440 1927 ἐκ
462 1859 626 1929 Διονύσου
648 1871 806 1945 βακχικοῦ
825 1862 1043 1948 χοροστάτου·

406 1961 557 2047 ὅστισπερ
581 1965 728 2048 ἐξέδραμε
749 1961 855 2049 θύρας
875 1963 933 2044 τάς
954 1963 1025 2045 δύο,

403 2064 508 2148 μηρὸν
530 2062 606 2145 Διός
628 2093 662 2132 τε
684 2073 737 2132 καλ
759 2071 899 2150 Σεμέλης
920 2072 1067 2150 γαστέρα.

346 2180 389 2230 155
407 2167 583 2250 Φιλόξενον
606 2174 639 2234 δέ
661 2167 720 2235 τόν
742 2167 909 2253 Κυθήριον
931 2175 1001 2252 λέγε

404 2280 472 2336 τῶν
494 2267 707 2354 διθυράμβων
730 2269 860 2356 εὑρετὴν
884 2268 1152 2355 συγγραμμάτων.

446 2373 689 2457 ἰαμβογράφους
711 2372 975 2455 γλωττοτοξότας
996 2372 1064 2440 νόει

404 2474 529 2560 Πάριον
552 2475 734 2559 Ἀρχίλοχον
757 2474 890 2558 αἰσχρὸν
912 2478 947 2540 ἐν
968 2473 1079 2557 λόγοις

404 2583 457 2641 καὶ
478 2575 585 2643 δεινόν
601 2576 803 2644 Ἱππώνακτα
829 2584 958 2660 πικρίας
980 2582 1101 2642 πλέων·

347 2689 389 2739 161)
404 2674 505 2763 οὗπερ
528 2682 760 2763 παρεισέγραφὲ
782 2704 830 2757 τις
851 2675 976 2757 τύμβοιι
997 2675 1085 2743 τάδε·

398 2777 455 2847 ιού
476 2777 601 2863 βότρυν
630 2779 708 2845 ἄλλ’
731 2778 867 2863 ἄχερδον
890 2781 924 2864 ἐν
946 2777 1053 2859 τάφοιι
1075 2783 1163 2863 φέρει

402 2878 570 2962 στύφοντα
591 2888 806 2965 πικραίνοντα
828 2888 952 2965 πικρίαι
973 2879 1096 2961 λόγων·

403 2979 487 3049 άλλά
508 3008 556 3061 τις
573 2981 790 3062 Ἱππώνακτος
812 2982 920 3051 ἐλθόν
943 2989 986 3062 εἰς
1007 2981 1115 3064 τάφον

403 3082 462 3149 τὸν
484 3083 586 3168 ἄνδρα
608 3083 766 3152 κνώσσειν
788 3084 930 3165 εύμενῶς
952 3083 1048 3167 εύχου
1071 3084 1182 3151 κάτω.’

344 3197 387 3245 165
401 3183 453 3250 ἰόν
476 3191 509 3252 δέ
531 3211 601 3266 πως
622 3185 776 3269 βάζοντες
799 3190 834 3253 έν
855 3203 983 3271 πικροῖς
1005 3185 1113 3268 λόγοις

401 3297 515 3370 κλῆσιν
536 3286 800 3373 κατεπλούτησαν
824 3287 1069 3373 ἰαμβογράφων.

444 3389 612 3474 ποιητικὸν
635 3397 668 3457 δέ
690 3401 756 3458 πᾶν
777 3389 959 3472 α’νοονύμως
981 3398 1060 3475 λέγε,

400 3489 547 3577 όπουπερ
570 3491 734 3578 εύρήσειας
756 3491 855 3571 αύτός
876 3519 947 3576 μοι,
969 3498 1095 3570 τέκνον,

399 3592 543 3678 ἡρωικὸν
564 3600 683 3679 μέτρον
704 3620 739 3660 τε
760 3600 814 3659 καλ
834 3594 963 3673 μύθους
984 3594 1049 3675 άμα

344 3707 385 3756 171)
399 3699 487 3776 λέξιν
508 3721 543 3761 τε
565 3695 663 3764 ποιάν
686 3695 849 3781 ὶστορικήν
871 3722 906 3761 τε
928 3695 1057 3781 φράσιν.

240 3919 290 3969 139
314 3912 402 3968 ἄλλοις
417 3919 446 3967 in
462 3919 484 3967 P
501 3919 554 3982 legi
570 3917 671 3981 nequit,
699 3912 784 3967 ἄλλων
800 3918 971 3969 Wilamowitz
1067 3921 1116 3970 140
1136 3919 1173 3968 sie
1191 3919 1355 3983 Phrynichus
1373 3923 1405 3972 de

154 4002 413 4068 SophocleinMusis
426 4005 543 4068 (Argum.
556 4002 634 4067 Soph.
646 4003 711 4053 Oed.
723 4003 788 4066 Col.)
807 3997 908 4053 πολλάν
919 4004 1036 4068 ποιήσαι
1046 4006 1091 4053 καλ
1103 3998 1184 4053 καλὰς
1196 3999 1361 4071 τραγοιιδλοιν
1397 4069 1398 4073 ¹
1427 4023 1429 4027 ·

155 4091 204 4140 145
228 4090 350 4140 veluto!
369 4090 438 4155 πρὸς
459 4086 600 4139 Διόνυσον
621 4090 787 4156 γεγραφότος
879 4091 928 4140 148
953 4089 1182 4152 ἀοματοκαμπῶν
1203 4087 1280 4137 codd:
1307 4091 1340 4140 ef.
1357 4092 1402 4142 Ar.

153 4173 223 4224 Nub.
232 4176 282 4225 333
335 4167 612 4248 ulewvonomlMoveQ
624 4176 742 4240 τρόπους
758 4173 780 4221 Ρ
797 4188 831 4222 ex
848 4175 935 4224 v.149
992 4175 1041 4224 153
1060 4174 1135 4222 δατιε
1151 4167 1340 4240 παρεξέδραμε
1356 4178 1405 4227 τὰς

154 4251 204 4307 δύο
222 4255 310 4324 θύραι
327 4260 350 4308 Ρ
422 4261 472 4310 160
489 4259 601 4308 Alcaeus
618 4258 758 4318 Messenius
775 4258 856 4308 Anth.
874 4258 930 4308 Pal.
947 4258 1000 4307 VH
1018 4259 1068 4308 536
1155 4259 1203 4307 165
1223 4257 1292 4306 idem
1309 4261 1403 4318 verilo.

153 4344 244 4405 quium
261 4343 349 4395 11111.
360 4345 462 4405 451127
516 4345 702 4410 ἐμπίκροιεΑ,
719 4343 920 4411 ἐμπικρῶσΒΜ
973 4345 1023 4394 166
1039 4340 1159 4390 similiter
1170 4342 1268 4392 dictum
1278 4342 1403 4397 indicavit

153 4427 257 4478 FKuhn
274 4428 341 4479 chil.
359 4428 428 4477 XIII
445 4429 494 4480 331
515 4428 567 4489 τήν
584 4421 678 4492 κλῆσιν
694 4423 897 4492 κατεπλούτησε
915 4427 1008 4496 φέρειν
1026 4426 1076 4489 τήν
1094 4429 1142 4491 τῆς
1158 4429 1272 4492 καρύκην
