3150 5018
230 256 270 314 78
653 256 700 305 DE
717 255 897 307 COMOEDIA
914 256 1054 307 GRAECA

229 429 304 491 bene
319 430 422 490 atticos
438 424 582 504 (ἀκούετε
596 424 671 505 troie
686 427 723 492 ci
739 427 819 490 Plut.
830 427 918 490 Thes.
932 429 982 504 13)
997 436 1074 489 certe
1088 448 1151 490 non
1165 427 1375 509 Megarensenr
1389 429 1491 490 existi·

229 531 330 592 mabat
345 530 396 592 sed
407 531 585 592 Icariensem
596 529 675 608 (inde
685 533 741 593 v.3
758 525 784 594 ῶ
803 515 960 611 ὁημόται)τ
975 529 1073 591 dorice
1086 530 1164 590 enim
1180 531 1353 612 scripsisset
1387 532 1489 612 itaque

228 633 366 695 falsarius
383 632 621 714 interpolatorem
641 641 771 694 nanetus
785 640 838 694 est.
874 631 985 693 incerta
1006 653 1053 692 res
1074 631 1111 693 de
1132 653 1161 695 v.
1178 637 1205 707 5,
1228 653 1316 713 quern
1329 651 1414 695 unus
1430 655 1489 694 ser·

226 736 309 798 ravit
330 734 485 809 Stobaeus,
507 735 633 796 fortasse
654 755 691 795 ex
708 733 767 795 alio
788 743 876 814 poeta
898 733 1031 795 scaenico
1053 732 1194 797 additum.
1210 770 1251 780 -
1272 734 1409 798 dovario
1424 756 1489 798 ver·

228 858 316 898 suum
336 836 505 917 corruptela
527 836 652 898 otiosum
674 844 720 896 est
738 834 831 897 verba
853 833 957 898 faeere.

311 1113 340 1172 4„
374 1108 482 1172 Suidae
513 1106 699 1189 Ἐπίχαρμος
723 1139 759 1150 -
783 1101 825 1193 ἦν
854 1110 886 1171 δέ
916 1104 981 1188 πρὸ
1010 1115 1077 1171 τῶν
1106 1114 1274 1188 Περσικῶν
1304 1109 1358 1189 ἐτη
1382 1103 1415 1184 ς’
1443 1113 1486 1171 ὀι-

227 1207 356 1276 ὀάσκων
379 1212 414 1275 ἐν
436 1206 677 1291 Συρακούσαις·
711 1209 745 1272 ἐν
768 1212 801 1272 δὲ
824 1204 969 1291 Ἀθήναις
990 1208 1144 1290 Εὐέτης
1172 1214 1226 1273 καί
1253 1208 1308 1275 Ev'
1316 1214 1335 1288 ξ
1343 1214 1406 1273 ενί
1414 1213 1486 1292 ὄης

227 1319 280 1377 καί
303 1310 465 1389 Μυλλος
493 1313 617 1388 (Μῶλος
639 1309 727 1388 codd)
755 1311 989 1376 ἐπεδείκνυντο.
1033 1332 1049 1372 e
1077 1311 1187 1393 quibua
1215 1312 1326 1373 Enetes
1354 1310 1487 1391 tragicus

226 1416 325 1495 potius
339 1414 463 1488 videtur,
486 1415 511 1475 si
525 1413 642 1495 quidem
665 1414 696 1474 in
717 1412 803 1474 titulo
825 1412 898 1476 OIA
912 1413 946 1474 H
961 1416 1051 1476 977ιι
1069 1413 1149 1495 quod
1164 1412 1292 1494 legitur.
1310 1463 1317 1477 .
1337 1408 1484 1475 ΕΤΗΣΙ

227 1515 359 1596 suppleri
374 1536 437 1577 non
452 1525 550 1597 potest
564 1515 620 1576 nisi
634 1512 753 1594 Εὐέτης
769 1511 807 1580 α’.
842 1515 956 1596 positus
978 1524 1077 1576 autem
1098 1515 1146 1577 hio
1166 1515 1199 1577 in
1213 1515 1359 1578 victorum
1382 1513 1488 1576 tabula

132 1651 135 1658 ·
225 1620 301 1680 inter
321 1617 506 1699 Aeschylum
534 1625 564 1677 et
584 1615 879 1698 Polyphrasmonem.
923 1617 1099 1679 Euxenidae
1127 1616 1176 1679 vel
1203 1636 1312 1677 nornen
1340 1616 1486 1696 ignotnnn

228 1721 345 1803 Myllus
356 1740 428 1783 vero
438 1741 457 1782 a
466 1717 610 1782 Diomede
621 1720 724 1800 (supra
733 1722 765 1799 p.'
773 1722 825 1797 58)
840 1739 908 1781 oum
919 1719 1078 1781 Susarione
1089 1727 1119 1780 et
1129 1718 1271 1799 Magnete
1284 1718 1363 1778 inter
1374 1718 1487 1798 primos

227 1832 330 1905 poetas
357 1823 483 1885 comicos
510 1821 643 1895 refertur,
671 1820 723 1882 sed
750 1822 813 1902 ipso
840 1821 938 1902 potius
960 1819 1075 1881 ridendi
1099 1821 1157 1882 luit
1177 1840 1267 1882 causa
1295 1839 1387 1900 quarn
1409 1820 1487 1882 risus

228 1936 337 1990 auctor.
381 1924 515 2006 Hesyoh.
542 1919 662 2000 Αὔλιος
684 1919 702 2005 ἢ
725 1919 876 2000 Mallos·
908 1917 1006 2000 οὗτος
1035 1924 1087 1986 ἐπὶ
1114 1928 1233 2003 μωρίαι
1254 1922 1482 1999 ἐκωμωιὸεῖτο.

225 2030 295 2090 hino
316 2026 493 2109 interpolata
513 2024 615 2105 glossa
635 2024 733 2085 Photii
754 2021 897 2101 Αύλλος·
925 2020 1058 2107 ποιητὴς
1081 2026 1132 2087 ε’πί
1152 2031 1271 2105 μωρίαι
1291 2019 1485 2100 κωμωιόσὸ-

225 2155 331 2208 μενος.
374 2127 485 2190 Zenob.
499 2126 628 2207 vulg.·V
645 2129 686 2188 14
707 2123 840 2203 Μύίλος
861 2125 962 2192 πάντ’
984 2123 1132 2192 α’κούων·
1155 2123 1235 2207 αὕτη
1258 2127 1410 2190 τέτακται
1432 2127 1484 2189 ἐπὶ

225 2241 293 2297 τῶν
326 2228 499 2310 κωφότητα
532 2231 826 2314 προσποιουμένων
859 2233 912 2291 καί
942 2224 1049 2293 πάντα
1078 2225 1279 2294 α’κουόντων.
1325 2229 1485 2309 μέμνηται

227 2334 323 2415 αὐτῆς
344 2343 504 2414 Κρατῖνος
526 2331 560 2395 ἐν
582 2337 841 2409 Κλεοβουλίναις.
888 2331 953 2394 ἐστί
981 2334 1014 2394 δὲ
1043 2336 1097 2395 καί
1125 2334 1320 2407 κωμωιδιῶν
1346 2326 1484 2411 ποιητὴς

227 2460 244 2501 ο
268 2433 411 2512 Mallos.
446 2455 462 2495 e
484 2433 597 2496 Cratini
618 2433 756 2495 versiculi
777 2432 856 2494 mala
877 2432 1117 2512 interpretatione
1139 2431 1255 2512 Myllus
1282 2440 1373 2512 poeta
1395 2440 1487 2493 natus

226 2538 349 2602 videtur.
393 2557 502 2597 nomen
523 2554 593 2598 vero
615 2555 677 2596 non
699 2554 718 2596 a
742 2532 876 2612 μύλλειν
899 2534 990 2597 verbo
1012 2533 1159 2596 obscaeno
1181 2532 1304 2594 ductum
1327 2531 1487 2609 (Wilamo

226 2641 290 2703 witz
311 2640 442 2701 Hermae
457 2638 508 2698 IX
523 2637 604 2715 337),
627 2636 679 2697 sed
695 2632 819 2713 μυλλός
841 2637 860 2697 i.
876 2658 904 2718 q.
926 2631 1046 2712 κυλλός
1061 2634 1110 2697 vel
1125 2632 1294 2718 στρεβλός;
1317 2638 1486 2716 διεστραμ-

224 2746 320 2819 μένος
342 2738 400 2822 την
423 2733 511 2819 ὄψιν,
533 2738 592 2800 alio
614 2737 707 2800 oeulis
729 2737 787 2799 alio
808 2748 907 2798 mente
927 2758 1100 2800 conversus.

410 3213 497 3280 XVI.
525 3211 659 3278 VARIA
682 3212 743 3276 DE
763 3210 991 3279 COMOEDIA
1012 3209 1292 3278 TESTIMONIA.

311 3391 338 3450 1.
360 3385 483 3448 Aristot.
498 3385 579 3447 Poet
602 3387 662 3446 ο.4
684 3404 713 3462 p.
730 3382 840 3445 14481)
856 3386 897 3445 34
921 3379 1029 3465 ῶσπερ
1051 3386 1084 3447 δὲ
1106 3389 1160 3447 καί
1182 3379 1222 3447 τὰ
1244 3387 1409 3448 σπουδαία
1422 3379 1484 3461 μα’-

224 3498 315 3553 ίιστα
338 3484 471 3570 ποιητὴς
487 3483 622 3569 Ὅμηρος
642 3481 683 3569 ἦν
704 3482 819 3563 (μόνος
840 3482 901 3566 γὰρ
924 3484 984 3566 οὐχ
1007 3482 1056 3550 ὅτι
1079 3480 1114 3550 εὖ
1137 3482 1215 3550 ἀλλ’
1238 3480 1288 3548 ὅτι
1310 3488 1364 3546 καί
1387 3480 1483 3566 μιμή-

163 3634 167 3640 ·
225 3609 288 3668 σεις
316 3586 510 3673 ὁραματικὰς
539 3591 709 3671 ἐποίησεν),
743 3583 849 3663 οὕτως
878 3593 932 3650 καί
960 3584 999 3652 ’τὰ
1032 3594 1088 3667 τῆς
1120 3589 1303 3664 κωμωιόίας
1336 3582 1483 3667 σχήματα

223 3701 353 3775 πρῶτος
374 3689 548 3771 ὑπέδειξεν,
571 3689 612 3756 οὐ
634 3686 742 3771 ψόγον
765 3685 847 3754 ἀλλὰ
862 3686 901 3752 τὸ
915 3697 1045 3769 γελοῖον
1060 3684 1358 3769 δραματοποιησας·
1381 3685 1482 3771 ὁγὰρ

224 3801 385 3876 Μαργίτης
413 3789 577 3872 α’νάλογον
606 3793 675 3873 ἔχει,
705 3787 814 3872 ῶσπερ
842 3789 861 3872 ἡ
890 3789 976 3868 Ἰλιὰς
1004 3796 1058 3856 καί
1080 3787 1099 3872 η
1121 3783 1279 3856 'ottocaro
1309 3785 1393 3870 πρὸς
1422 3786 1482 3868 τὰς

223 3899 427 3978 τραγωιόίας,
454 3892 542 3960 οὕτω
565 3902 619 3960 καί
641 3889 739 3973 οὗτος
760 3890 844 3975 πρὸς
866 3891 923 3970 τὰς
945 3898 1135 3970 κωμωιόίας.
1181 3896 1425 3973 παραφανείσης
1447 3896 1483 3956 δέ

223 4006 278 4081 τῆς
300 4001 492 4079 τραγωιόίας
513 4002 567 4061 καί
589 4002 771 4075 κωμωιόίας
794 3999 825 4061 ol
848 3994 904 4076 ἐφ’
919 3998 1073 4079 ἑκατέραν
1094 3992 1153 4076 την
1168 4000 1298 4075 ποίησιν
1313 3991 1483 4075 ὁρμῶντες

224 4097 304 4165 κατὰ
332 4096 390 4180 την
420 4102 539 4162 οίκείακ
562 4094 659 4177 φύσιν
683 4103 716 4164 οἳ
735 4103 795 4175 μὲν
817 4096 889 4163 α’ντί
910 4105 978 4162 τῶν
1002 4094 1126 4177 ἰάμβων
1149 4100 1393 4174 κωμωιὸοποιοί
1417 4097 1482 4178 ἐμὲ·

223 4193 333 4282 νοντό,
361 4203 394 4265 οἳ
415 4204 448 4265 δὲ
477 4199 549 4264 α’ντί
572 4208 639 4265 τῶν
662 4202 749 4265 ἐπῶν
771 4197 1117 4282 τραγωιδοόιόᾰσκαλοι
1139 4195 1250 4264 διὰτὸ
1271 4203 1404 4279 μείζονα
1426 4205 1482 4263 καί

223 4299 408 4384 ἐντιμότερα
436 4299 475 4367 τὰ
504 4298 646 4384 σχήματα
675 4303 755 4366 εἶναι
783 4311 885 4367 ταῦτα
915 4305 1055 4368 ἐκείνων.
1107 4298 1146 4365 τὸ
1172 4304 1231 4377 μὲν
1261 4295 1322 4364 οὖν
1351 4300 1482 4366 ἐπισκο·
1506 4353 1510 4358 .

223 4422 295 4471 πεῖν
325 4401 383 4487 ἆρ’
405 4405 464 4485 ἐχει
492 4403 550 4487 ἤδη
579 4402 598 4487 ἡ
627 4409 800 4486 τραμωιδία
827 4419 896 4482 τοῖς
925 4406 1038 4470 εἴδεσιν
1067 4408 1187 4480 ἱκανῶς
1216 4399 1234 4484 ἢ
1265 4398 1315 4481 oti,
1338 4399 1423 4467 αυ’τό
1445 4427 1481 4467 τε
