3150 5018
530 280 767 341 ocossanlvu
784 278 1029 338 rrAuourcvu

618 578 646 637 6.
678 565 945 636 THVRIORVM

239 747 287 798 158
311 740 430 813 Hesych.
443 739 653 813 αἰγίλιψ..καί
671 738 732 797 ἰτέα
750 732 808 797 cui
823 739 964 810 Θουρίων.
995 736 1162 792 Thuriorum
1179 735 1347 792 vocabulum
1360 735 1409 790 luit

153 828 299 900 αἶγυλίς,
322 826 397 897 quod
415 823 500 899 λύγος
516 824 666 896 explicatur
682 825 726 878 Et.
745 823 781 878 Μ.
798 826 840 890 28,
859 828 892 879 23
911 829 940 879 et
956 821 1079 895 Hesych.
1097 838 1119 877 s.
1137 838 1166 877 v·

238 1002 286 1052 159
313 996 432 1068 Hesych.
448 991 661 1070 Ἐπιβολεύς·
681 988 852 1066 ὅἩραιιλῆς
870 991 950 1067 παρὰ
971 993 1116 1067 Θουρίοις.

240 1172 288 1223 160
314 1165 434 1239 Hesych.
452 1161 549 1237 ἰψόν·
567 1159 621 1223 τὸν
638 1159 749 1222 κισσόν.
789 1158 915 1238 Θούριοι.

241 1342 287 1392 161
315 1336 420 1392 Athen.
438 1337 492 1392 VH
509 1339 582 1391 329a
600 1335 785 1405 Καλλίμαχος
802 1327 829 1390 δ’
847 1331 880 1390 ἐν
890 1325 1033 1399 Ἐθνικαῖς
1051 1324 1243 1400 ὀνομασίαις.
1257 1327 1310 1387 .ἐν
1327 1326 1412 1389 ἄλλοι

157 1421 187 1480 δὲ
207 1421 287 1492 μέρει
311 1421 479 1494 καταλέγων
501 1418 611 1493 ἰχθύων
634 1411 793 1488 ὀνομασίας
815 1419 903 1491 φησίν
919 1411 1071 1486 (ὄζαινα,
1098 1409 1269 1485 ὀσμύλιον
1287 1411 1413 1489 Θούριοι,

156 1504 253 1574 ἴωπες,
269 1505 393 1580 ἐρίτιμοι
410 1499 567 1578 Ἀθηναῖοιθ
587 1504 629 1570 (fr.
641 1507 674 1558 88
687 1503 777 1569 Schn).
812 1501 918 1557 mirerIs
934 1501 1001 1557 talia
1016 1508 1158 1570 tamquam
1170 1500 1336 1558 Thuricrum
1353 1519 1414 1572 pro-

156 1592 217 1661 pria
235 1591 429 1647 Callimachum
446 1596 571 1656 notasse,
593 1588 627 1644 ci.
645 1588 715 1644 Poll.
733 1588 762 1643 Π
779 1591 821 1652 76,
842 1589 892 1643 καὶ
911 1579 1033 1656 ὀσμυλία
1051 1582 1160 1659 ἰχθύων
1177 1607 1204 1644 τι
1220 1587 1306 1660 γένος
1323 1582 1340 1659 ἦ
1357 1581 1412 1645 tae

157 1681 217 1733 τῶν
234 1679 350 1734 πολλῶν
368 1671 470 1744 ὄζαινα
486 1673 655 1745 καλουμένη.

244 1851 291 1901 162
319 1843 438 1916 Hesych.
456 1838 624 1917 ρύγανον·
642 1836 761 1911 ὁύιιίιον.
790 1836 915 1916 Θούριοι.
950 1842 1084 1898 vixrecte
1102 1837 1244 1916 ῥύγανον·
1264 1840 1414 1913 ῥαβδίον

158 1930 310 1987 MSchmidt
326 1930 387 1985 coll.
405 1930 470 1984 Hes.
488 1921 626 2000 ῥύχανον.
654 1925 722 1982 latet
738 1925 856 1983 fortasse
875 1925 943 1981 nihil
960 1926 1013 1981 ulsi
1031 1922 1157 2000 ῥαδινόν.

246 2105 293 2155 168
319 2098 438 2237 Ηρογοίι.
451 2098 585 2164 σαννίς·
604 2092 806 2169 ὀρυοσύνδραξ.
832 2095 959 2170 Θούριοι.
983 2096 1131 2167 explicatio
1144 2096 1269 2163 obscura,
1286 2112 1324 2151 au
1342 2100 1414 2170 ὀρυι-

159 2181 211 2251 νὸς
227 2180 342 2257 ἄνθραξ

246 2358 293 2409 164
320 2352 438 2424 Hcsych.
457 2351 620 2426 φίρτρυς·
638 2340 738 2416 ἆθλος.
775 2347 902 2421 Θούριοι.

296 2753 323 2811 7.
355 2744 661 2810 ITALIOTARVM
692 2744 927 2808 ITALORVM
958 2743 1286 2808 SIOELIOTARVM

659 2845 917 2911 SIOVLORVM

245 3014 366 3084 Antiqui
388 3030 478 3069 rerum
500 3013 640 3084 scriptoris
656 3014 744 3070 verba
761 3013 856 3082 Steph.
873 3013 940 3085 Byr.
957 3029 985 3082 p.
1004 3016 1062 3079 668,
1080 3017 1096 3067 4
1119 3012 1244 3068 servavit
1259 3012 1341 3069 haec:
1364 3017 1421 3071 τῶν

164 3098 194 3156 δὲ
211 3102 358 3171 νησιωτῶν
376 3097 404 3155 ci
420 3096 473 3168 μὲν
488 3098 632 3166 ἰθαγενεῖς
649 3095 738 3157 πύλαι
749 3100 856 3172 Λίγυες
873 3097 905 3167 ἐξ
918 3093 1039 3163 Ἰταλίας
1051 3100 1168 3155 Σικελοί
1185 3097 1329 3170 λέγονται,
1348 3097 1376 3156 oi
1392 3099 1420 3156 dl

163 3179 297 3255 ἐπήλυδες
306 3173 437 3255 Ἕλληνές
459 3182 512 3239 εἰσι
531 3187 702 3241 Σικελιῶται
724 3178 774 3250 [ῶς
795 3177 968 3250 Ἰταλιῶται1.
1008 3183 1124 3238 eandem
1147 3182 1301 3240 doctrinam
1323 3185 1421 3240 Aelius

164 3269 317 3341 Dionysius
333 3268 448 3324 tradidit
464 3268 538 3337 apud
555 3269 729 3325 Eustathium
744 3272 819 3336 1896,
832 3274 879 3323 56;
897 3261 998 3325 Ἰταλοί
1015 3265 1068 3337 μὲν
1087 3265 1115 3324 cl
1131 3266 1289 3343 βάρβαροι,
1305 3262 1421 3328 Ἰταλιῶ·

165 3373 212 3410 ται
237 3352 267 3411 δὲ
290 3351 319 3411 οἳ
340 3343 676 3427 ἐπωικηκότεςἝλληνες
701 3350 753 3429 τὴν
774 3346 903 3410 Ἰταλίαν.
941 3343 1017 3410 ούτω
1040 3355 1089 3408 καί
1107 3354 1239 3419 Σικελοί,
1265 3356 1351 3426 φησί,
1374 3357 1422 3411 καί

166 3441 337 3496 Σικελιῶται
363 3437 553 3511 διαφέρουσιν.
592 3455 620 3494 v.
644 3438 805 3495 Schwabius
830 3437 895 3493 Ael.
918 3438 1002 3492 Dion.
1028 3443 1057 3493 et
1077 3437 1158 3493 Paus.
1182 3438 1219 3493 ad
1241 3454 1268 3507 p.
1288 3443 1421 3505 176116.

165 3523 239 3592 apud
255 3522 465 3593 lexicographcs
483 3539 550 3578 vero
568 3529 597 3578 et
614 3522 829 3593 glossographcs
847 3523 899 3578 etsi
917 3521 1062 3578 Siceliotae
1080 3529 1109 3578 et
1126 3522 1253 3578 Italictae
1269 3523 1319 3579 ubi
1337 3525 1422 3580 nomi·

165 3613 265 3661 nantur
282 3606 378 3662 Graeci
401 3608 504 3677 ubique
521 3608 699 3678 intellegendi
718 3614 795 3675 sunt,
818 3623 875 3662 non
892 3614 985 3662 tamen
1002 3606 1051 3661 ubi
1069 3606 1152 3662 SIculi
1169 3613 1199 3662 et
1214 3607 1290 3674 Itali,
1315 3608 1422 3664 barbari

166 3691 278 3760 ubique.
311 3699 451 3761 praeterea
468 3699 560 3748 autem
577 3709 629 3748 nec
646 3693 772 3748 ltalictae
790 3692 816 3747 ei
833 3692 922 3747 solum
942 3691 989 3761 qui
1006 3692 1035 3745 iu
1052 3692 1133 3746 Italia
1149 3691 1314 3748 habitabant
1329 3693 1423 3749 Graeci

166 3782 301 3831 vocantur
317 3793 368 3832 nec
385 3777 468 3834 Siculi
486 3778 531 3832 vel
550 3777 696 3833 Sicelictae
713 3778 739 3832 ei
757 3778 846 3833 solum
865 3777 913 3846 qui
930 3777 960 3831 in
977 3776 1081 3832 Sicilia:
1099 3784 1167 3833 nctc
1186 3777 1259 3832 enim
1277 3795 1330 3832 usu
1346 3779 1423 3834 Italia

167 3866 195 3915 et
212 3860 304 3916 Sicilia
320 3862 457 3918 vocabula
473 3863 545 3918 iuter
561 3879 591 3918 sc
609 3861 822 3917 confunduntur.
851 3862 945 3931 itaque
962 3861 1030 3917 haec
1048 3862 1179 3931 quonIam
1196 3878 1254 3917 non
1268 3862 1336 3917 salis
1353 3869 1424 3918 certa

165 3944 272 4000 ratione
288 3952 417 4014 poterant
434 3947 564 4015 discerni,
581 3963 638 4003 uno
656 3948 745 4016 capite
763 3963 859 4003 omnes
876 3945 1149 4015 comprehendendae
1166 3952 1244 4001 erant
1260 3947 1371 4016 glossae
1388 3947 1423 4002 ad

166 4036 267 4086 certam
279 4030 416 4098 quandam
428 4031 568 4087 civitatem
585 4048 643 4087 non
660 4031 769 4087 relatae.
795 4032 951 4087 italicarum
969 4031 1121 4100 glossarum
1139 4031 1220 4100 copia
1230 4030 1311 4087 facile
1330 4032 1423 4103 augeri

165 4121 275 4184 poterat
291 4115 443 4186 adsumptis
460 4117 501 4172 eis
512 4116 656 4172 vocabulis
674 4132 745 4185 quae
762 4116 863 4172 artiore
877 4115 997 4186 quodam
1015 4115 1126 4185 linguae
1138 4115 1250 4172 vinculo
1268 4133 1331 4172 cum
1343 4118 1424 4174 Italo-

166 4217 226 4255 rum
243 4200 373 4256 Oscorum
392 4201 557 4257 Umbrorum
575 4200 718 4256 vocabulis
740 4201 886 4256 coniuncta
903 4206 975 4256 sunt.
1010 4201 1060 4256 sed
1076 4200 1128 4256 hac
1144 4200 1174 4255 in
1191 4216 1221 4256 re
1239 4216 1323 4270 quam
1345 4202 1424 4258 facile

167 4285 230 4354 quis
251 4285 341 4340 licitos
357 4286 429 4342 lines
446 4285 600 4356 transgredi
616 4284 746 4355 potuerit,
766 4285 915 4341 Immischii
934 4285 1088 4355 exemplum
1107 4286 1189 4342 docet
1206 4286 1254 4355 qui
1272 4286 1307 4341 de
1325 4285 1425 4358 glossis

165 4370 246 4426 lexici
267 4370 434 4443 Hesychiani
451 4370 553 4426 Italicis
575 4376 774 4426 commentatus
796 4375 839 4425 est
860 4369 938 4426 stuc
957 4371 1032 4439 Lips.
1049 4371 1118 4427 VIII
1135 4375 1194 4426 261.
1228 4370 1320 4442 recepi
1342 4371 1426 4443 igitur

168 4470 238 4525 quae
260 4455 340 4510 certis
359 4455 524 4511 testImoniis
542 4455 639 4511 Siculis
656 4455 701 4511 vel
719 4454 796 4510 italis
814 4455 952 4524 adscripta
969 4455 1136 4512 inveneram.
