3150 5018
211 276 272 335 118
656 274 852 331 COMOEDIA
870 274 1017 332 190ch

208 452 324 505 λοῦνται
347 450 397 518 τῆς
419 449 478 503 τῶν
501 439 680 515 ὀφειλόντων
702 446 858 519 σωτηρίας,
880 436 957 503 οότω
978 448 1028 503 καί
1050 444 1118 512 τοὺς
1135 438 1384 520 εὐεργετήσαντος
1401 443 1473 522 βοό-

208 537 310 590 λεσθαι
333 526 406 589 εἶναι
429 525 498 596 τοὺς
513 525 665 596 παθόντας
687 523 728 597 ῶς
743 530 951 600 κομισαμένους
971 525 1024 597 τὰς
1038 526 1174 605 χάριτας,
1196 540 1259 598 τοῖς
1276 525 1304 588 δ’
1325 527 1381 590 οόκ
1399 527 1475 590 εἶναι

209 615 341 687 ἐπιμελές
358 611 393 673 τό
412 609 634 674 άνταποδσῦυαι.
667 610 703 673 ’m
720 614 774 684 μέν
792 605 843 673 οὖν
860 608 927 686 τάχ’
945 609 982 674 όν
1000 617 1072 687 φαίη
1091 620 1182 673 ταῦτα
1200 615 1292 690 λέγειν
1310 610 1422 684 αὐτοὺς

634 722 669 786 ἐκ
691 728 841 803 πονηροῦ
861 723 1034 798 θαμένους.

208 832 285 895 ἔοικε
302 829 331 894 δ’
348 832 545 910 άνθρωπικῶι.
613 835 778 906 θεωμένους
795 835 933 892 traditum.

631 1028 691 1088 ιω
716 1029 793 1104 (124
807 1025 882 1090 mu.
905 1029 947 1089 49
961 1026 1037 1106 μοι)

319 1160 400 1230 τόκα
421 1166 480 1241 μέν
503 1164 538 1227 ἐν
559 1160 667 1244 τήνων
690 1159 773 1242 ἐγὼν
793 1157 845 1244 η’ν,
867 1159 949 1228 τόκα
971 1167 1003 1228 δέ
1025 1160 1113 1248 παρὰ
1134 1160 1245 1247 τήνοις
1268 1163 1364 1246 έγῶν.

293 1295 381 1351 Aricc
398 1294 479 1350 Rhec
497 1295 583 1364 HIp.
597 1295 690 1351 14101)
708 1298 724 1349 θ
749 1293 804 1352 εἰσί
825 1293 856 1353 δέ
876 1298 926 1351 καί
948 1300 1060 1368 ψευδεῖς
1081 1289 1254 1366 άντιθέσεις,
1278 1291 1346 1355 οῖον
1366 1302 1420 1356 καί
1435 1296 1474 1357 Ἔ,

207 1375 327 1439 ἐποίει
331 1372 432 1438 τόκα.
450 1373 572 1453 έγῶυῖ
606 1381 728 1436 Dcmctr.
746 1379 782 1436 dc
803 1380 871 1436 eloc
889 1384 922 1435 24
944 1375 1005 1438 ἔστι
1027 1380 1057 1439 δὲ
1079 1376 1203 1439 κῶλα“
1183 1405 1202 1440 α
1225 1404 1264 1456 μη
1282 1379 1472 1455 ἀντικείμενα

207 1464 340 1538 ἐμφαίνει
364 1461 426 1524 τινά
445 1457 595 1523 άντίθεσιν
615 1460 660 1525 διὰ
684 1461 719 1523 τὸ
742 1469 795 1522 τῶι
812 1463 935 1537 σχήματι
952 1458 1111 1533 άντιθέτως
1127 1463 1306 1542 γεγράφθαι,
1329 1465 1472 1576 καθάπερ

208 1546 243 1609 τὸ
262 1544 336 1625 παρ’
355 1544 532 1622 Ἐπιχάρμωι
550 1554 602 1607 τῶι
619 1555 733 1622 ποιητῆι
750 1540 982 1622 πεπαιγμένου“
964 1571 1009 1609 οτι
1022 1546 1130 1608 ιτόκα.
1143 1547 1258 1625 .έγῶν’.
1292 1547 1362 1612 ἀλλ’
1380 1545 1472 1622 οὗτος

207 1636 261 1705 μὲν
278 1632 348 1703 ίσως
363 1639 570 1738 γελωτοποιῶν
588 1655 680 1702 ουτως
697 1628 751 1693 άυτ
752 1634 854 1708 έθηκεν
870 1625 958 1692 καί“
937 1655 998 1705 αμα
1016 1631 1160 1694 σκῶπτων
1177 1633 1244 1704 τοὺς
1261 1634 1400 1715 ῥήτορας

292 1718 376 1778 ἐν’
342 1741 438 1794 τηνοις
456 1723 535 1778 Dcm.
552 1737 610 1779 non
626 1727 707 1778 τουτο.

489 1916 549 1976 149
574 1914 629 1991 (ου
651 1911 726 1986 Ahr,
754 1911 793 1975 of.
816 1911 852 1976 fr.
877 1915 947 1977 τοι.
969 1916 1021 1976 44.
1042 1915 1084 1976 45
1106 1912 1182 1991 Lor)

862 2050 897 2113 ἐκ
917 2053 977 2127 μὲν
998 2057 1116 2128 θυσίας
1136 2057 1246 2131 θοίνα,

314 2149 405 2214 ἐκδὲ
372 2152 485 2214 δὲίθο
484 2174 543 2228 νας
565 2147 659 2228 πόσις
681 2151 880 2231 έγένετο.-
899 2158 1021 2233 χαρίεν,
1051 2147 1138 2232 ῶςγ
1146 2150 1246 2230 ’ἐμίν
1266 2149 1402 2236 (δοκεῖ).

250 2250 406 2315 -έκδὲ
392 2247 543 2329 έπόσιος
562 2259 689 2332 μῶκος,
719 2253 754 2316 έκ
775 2250 947 2329 μῶκουδ’
969 2252 1089 2333 ἐγένεθ’
1109 2251 1218 2334 ὑανία,

315 2352 350 2415 έκ
373 2350 407 2416 δ’
429 2350 544 2431 ὑανίας
564 2351 727 2438 <δίκα.,
758 2355 793 2419 ἐκ
815 2359 905 2433 δίκας
927 2359 960 2420 δέ
981 2351 1163 2439 κατα>δίκα,

285 2453 350 2517 5έκ
372 2457 406 2518 δέ
427 2462 601 2534 καταδίκας
623 2458 714 2521 πέδαι
735 2480 769 2521 τε
790 2454 990 2536 καί-σφαλὸς
1012 2463 1066 2522 καί
1088 2463 1190 2538 ζαμία.

293 2584 398 2641 Athen.
416 2587 445 2642 H
462 2587 544 2643 3ch
568 2581 605 2646 'm
631 2588 661 2646 δέ
687 2607 773 2661 φησιν
794 2582 840 2646 ιέκ
859 2589 913 2658 μὲν
929 2628 956 2644 ..
974 2581 1085 2659 ζαμία’.
1119 2588 1172 2644 huc
1188 2588 1295 2645 rettulit
1310 2589 1470 2646 Meinckius

207 2669 326 2725 Aristcc
340 2669 408 2726 Gen.
426 2689 470 2728 an.
488 2689 515 2742 p.
527 2678 601 2729 9249
617 2677 650 2729 28
669 2668 711 2731 ἔτι
728 2674 758 2732 δέ
775 2667 855 2748 παρὰ
873 2677 977 2741 ταῦτα,
999 2668 1039 2740 ῶς
1056 2665 1098 2731 Ἰδ.
1116 2683 1194 2732 ποιεῖ
1211 2672 1263 2746 τὴν
1277 2670 1471 2748 ἐποικοδόμη-

208 2773 262 2822 σιυ,
279 2753 313 2813 ἐκ
330 2760 380 2829 τῆς
398 2761 534 2831 διαβολῆς
550 2757 567 2831 ἡ
586 2762 723 2833 λοιδορία,
740 2756 774 2816 ἐκ
791 2759 822 2817 δὲ
839 2754 942 2831 ταότης
958 2753 975 2829 ἡ
993 2754 1079 2832 μάχη,
1096 2763 1162 2815 item
1173 2757 1320 2828 Rhepr.
1334 2763 1471 2816 1365919

206 2844 255 2897 καί
273 2837 307 2898 τὸ
327 2842 491 2900 συντιθέναι
509 2842 604 2900 δὲκαὶ
621 2842 823 2915 ἐποικοδομεῖν
840 2834 940 2918 ῶσπερ
957 2835 994 2901 'm
1023 2862 1088 2900 nam
1105 2839 1191 2903 ὑανία
1208 2845 1244 2901 ab
1262 2844 1406 2916 Hesychio
1424 2861 1471 2901 cx-

206 2925 323 2993 plicatur
339 2922 430 3001 τόρβη
447 2928 493 2984 vcl
510 2924 596 3001 μάχη,
613 2935 643 2984 et
658 2933 757 2998 μῶκος
774 2929 810 2985 ab
822 2929 962 2998 Simplicio
976 2930 1022 2996 (ad
1033 2929 1122 2999 Epicc
1133 2946 1206 2985 man.
1216 2929 1255 2984 IV
1271 2945 1299 2999 p.
1311 2933 1363 2985 222
1376 2930 1470 2999 Schw)

205 3008 406 3082 μυκτηρισμός.
444 3006 649 3069 conccdefidum
671 3031 737 3070 sanc
754 3030 812 3069 non
833 3016 900 3070 satis
921 3021 1074 3071 accuratam
1095 3014 1290 3084 Epichmmeac
1312 3017 1470 3074 sentcntiae

206 3096 366 3151 memoriam
378 3097 559 3153 Amctctclcm
572 3114 705 3164 servasse,
722 3098 870 3168 siquidem
882 3095 1001 3174 διαβολή
1020 3106 1049 3156 ολ
1065 3102 1195 3174 λοιδορία
1213 3116 1248 3156 cx
1258 3115 1315 3156 uno
1328 3100 1471 3157 vocabulo

205 3183 304 3246 μῶκος
324 3187 390 3236 nata
406 3183 544 3238 videntur.

294 3269 307 3319 1
326 3268 413 3338 θοίνη
426 3267 485 3334 οΕ;
504 3267 593 3336 suppl.
605 3268 683 3322 velut
693 3265 821 3340 (ἄγομεν
832 3265 889 3343 γὰρ
900 3274 997 3327 θεοῖσι
1014 3271 1148 3342 θυσίαν>·
1175 3267 1209 3327 έκ
1220 3270 1251 3328 δὲ
1263 3270 1367 3337 θυσίας
1377 3275 1469 3328 θοῖνα

205 3343 265 3421 (δὴ)
281 3354 341 3407 κτλ.
394 3353 529 3424 2θοίνης
548 3352 595 3408 ΟΕ
645 3351 709 3422 ἐμίν
725 3353 811 3408 Mein:
829 3351 895 3422 ἐμοὶ
946 3358 1026 3412 δοκεῖ
1042 3355 1131 3424 suppl.
1143 3353 1265 3410 Dindorf
1334 3359 1471 3424 θκῶμος

208 3440 237 3488 ct
253 3429 354 3504 κῶμσυ
372 3435 431 3491 OE:
449 3453 517 3492 corr.
529 3438 610 3493 Mein.
697 3435 812 3511 ἐγένετο
830 3440 937 3495 θυανία
955 3438 1015 3495 OE:
1039 3439 1156 3495 casaub.
1173 3438 1261 3495 chr.
1342 3444 1360 3494 4
1378 3441 1471 3511 suppl.

209 3518 400 3588 HStephanus,
427 3523 492 3578 δίκα
509 3516 578 3595 τάχ’
594 3523 665 3591 Ahr,
691 3530 813 3592 praestat
829 3522 893 3580 fort
911 3526 975 3581 δίκα
993 3520 1064 3594 μάλ’
1169 3518 1315 3596 όσφαλὸς
1332 3525 1470 3582 Bochart:

207 3599 370 3674 σφάκελλος
387 3606 448 3673 ΟΕ,
465 3607 499 3663 cf.
518 3608 636 3680 Hesych.
654 3626 676 3664 9.
694 3626 722 3663 v.
791 3611 877 3682 ζημία
896 3609 951 3665 OE.

640 3784 702 3845 149
724 3781 888 3861 (190419.
911 3785 951 3847 29
966 3783 1040 3863 mr)

251 3919 402 3980 -τίδὲ
423 3912 498 3980 τόδ’
521 3917 603 3991 ἐστί;
619 3915 793 4000 -δηλαδὴ
816 3924 1021 4000 τρίπους·
981 3925 1073 3984 -τί
1091 3915 1158 3996 μὰν
1180 3919 1241 4000 ἔχει
1263 3913 1366 3996 πόδας

315 4020 463 4100 τέτορας;
486 4016 548 4084 οόκ
571 4021 657 4085 ἐστιν
679 4026 824 4102 τρίπους,
847 4018 920 4085 ἀλλ’
941 4017 1063 4104 (ἐστίν)
1085 4020 1174 4098 οἶμαι
1196 4017 1387 4104 τετράπους

249 4153 294 4164 -
316 4120 402 4184 ἔστιν
424 4118 518 4198 ὄνομ’
541 4119 643 4187 ου’τῶι
665 4129 811 4205 τρίπους,
833 4118 966 4204 τέτοράς
988 4147 1028 4203 γα
1050 4120 1115 4201 μὰν
1137 4123 1197 4204 ἔχει
1219 4119 1328 4200 πόδας.

250 4257 294 4267 -
322 4227 474 4300 Οἰδίπους
495 4230 610 4290 τοίνυν
632 4223 710 4290 ποτ’
731 4221 772 4307 ἦν
794 4221 924 4305 αίνιγμά
946 4249 998 4290 τοι
1019 4239 1114 4303 νοεῖς.

293 4354 399 4410 Athen.
417 4358 446 4413 H
462 4363 519 4414 499
538 4357 718 4431 Ἐπίχαρμος
734 4353 772 4414 <τί
788 4361 818 4415 δε
837 4397 844 4412 .
863 4396 870 4412 .
888 4349 985 4424 νοεῖς’.

296 4446 309 4495 1
329 4437 393 4500 τόδ’
411 4443 543 4514 Blaydcs:
562 4437 628 4501 τάδ’
647 4444 694 4499 OE
762 4445 794 4529 τί
807 4437 866 4512 μὰν
883 4443 960 4498 Eust.
980 4445 1113 4509 1998,19:
1135 4443 1257 4511 τίμανσν
1274 4439 1335 4508 OE,
1357 4448 1473 4511 poccrat
