3150 5018
648 267 817 318 DIOMEDIS
1324 265 1363 323 61

101 439 218 502 finitus:
250 435 347 516 μῑμὸς
370 441 457 504 ἐστιν
477 445 605 521 μίμησις
626 444 701 517 βίου
731 435 773 503 ta'
794 462 828 503 τε
850 441 1116 521 συγκεχωρημένα
1143 443 1197 502 καὶ
1220 435 1362 519 ἀσυγχώ-

102 566 183 625 ρητα
205 543 368 624 περιέχων.
458 541 564 602 mimus
586 540 682 602 dictus
712 537 799 623 παρὰ
822 538 861 605 τὸ
880 547 1059 620 μιμεῖσθαι,
1089 539 1176 621 quasi
1198 539 1280 602 solus
1303 540 1406 601 imi-2

103 653 189 719 tetur,
222 663 291 705 cum
316 653 346 705 et
374 643 433 704 alia
459 651 597 721 poemata
628 641 704 703 idem
732 643 852 706 faciant
897 641 950 704 sed
978 641 1060 704 solue
1094 640 1180 722 quasi
1211 641 1365 722 privilegio

50 746 236 828 235quodam
256 745 339 826 quod
358 745 419 807 fuit
439 765 596 807 commune
615 744 757 826 possedit,
778 744 910 806 similiter
931 753 1021 824 atque
1041 745 1066 805 is
1088 743 1140 825 qui
1152 764 1271 806 versum
1293 743 1366 806 facit

102 848 201 911 dicus
222 844 370 930 ποιητής,
401 867 470 908 cum
490 854 520 908 et
540 846 666 909 artifices
693 866 760 908 cum
788 866 881 927 aeque
909 846 981 927 quid
1002 845 1116 908 faciant
1143 867 1207 908 non
1228 845 1365 909 dicantur

103 959 216 1028 poetae.

189 1050 359 1114 Membra
386 1049 663 1113 comoediarum
691 1058 764 1111 sunt
785 1049 854 1110 bia:
887 1048 1052 1113 diverbium
1077 1050 1226 1112 canticum
1246 1048 1363 1112 cborus.
1384 1047 1468 1111 XIV

104 1152 236 1216 membra
255 1153 421 1216 comoediae
448 1151 565 1216 diversa
586 1161 670 1226 sunt,
699 1151 820 1214 definito
848 1161 949 1213 tamen
975 1173 1099 1214 numero
1127 1152 1366 1214 eontinentur-a

51 1256 238 1337 totquinque
264 1276 360 1336 usque
380 1254 420 1316 ad
441 1253 550 1317 decem
635 1253 768 1316 diverbia
788 1262 861 1315 sunt
881 1262 982 1334 partes
1003 1252 1219 1315 comoediarum
1245 1253 1277 1314 in
1298 1253 1364 1334 quis
1388 1255 1406 1314 2

103 1358 287 1423 diversorum
315 1376 461 1438 personae
487 1365 659 1430 versantur;
691 1376 837 1437 personae
863 1365 963 1417 autem
988 1353 1187 1418 diverbiorum
1214 1364 1267 1416 aut
1287 1354 1365 1415 duae

104 1469 158 1523 aut
178 1469 238 1522 tres
259 1469 312 1521 aut
331 1479 397 1520 raro
412 1466 553 1538 quattuor
573 1479 638 1520 esse
659 1458 779 1533 debent,
801 1457 881 1519 ultra
898 1478 1005 1538 augere
1026 1477 1183 1519 numerum
1204 1476 1267 1518 non
1288 1455 1364 1518 licet.

103 1563 137 1623 in
158 1562 279 1624 canticis
306 1569 407 1623 autem
435 1578 497 1620 una
517 1569 636 1622 tantum
662 1559 751 1622 debet
771 1582 836 1622 esse
856 1578 986 1641 persona
1007 1567 1071 1633 aut,
1099 1559 1124 1618 si
1145 1557 1222 1618 duae
1243 1556 1362 1630 fuerint,
1386 1561 1405 1620 3

104 1664 147 1724 ita
167 1683 232 1725 esse
252 1662 364 1724 debent
384 1671 419 1724 ut
439 1683 478 1723 ex
498 1661 615 1724 occulto
637 1682 700 1722 una
721 1661 823 1723 audiat
843 1682 899 1723 nec
914 1660 1120 1741 conloquatur,
1143 1658 1196 1720 sed
1210 1679 1317 1733 secum,
1340 1660 1365 1719 si

52 1777 99 1828 245
114 1784 192 1843 opus
206 1763 302 1839 fuerit,
323 1763 415 1828 verba
428 1763 525 1826 faciat
597 1765 628 1824 in
642 1763 738 1826 choris
759 1784 830 1827 vero
850 1785 993 1826 numerus
1014 1782 1206 1844 personarum
1227 1760 1366 1823 delinitus
1387 1764 1408 1822 4

103 1887 168 1929 non
188 1875 242 1941 est,
264 1867 374 1949 quippe
395 1866 519 1928 iunctim
540 1886 642 1928 omnes
665 1865 748 1946 loqui
769 1865 878 1928 debent
899 1866 986 1947 quasi
1005 1885 1079 1928 voce
1097 1863 1225 1926 confusa
1245 1872 1275 1925 et
1295 1883 1364 1925 con·

103 1977 194 2031 centu
215 1968 247 2029 in
269 1988 361 2030 unam
381 1988 539 2047 porsonam
561 1967 763 2030 reformantes.
807 1966 918 2029 latinae
943 1969 1031 2048 igitur
1052 1965 1220 2028 comoediae
1240 1965 1364 2028 eborum

104 2089 168 2131 non
188 2068 314 2143 habent,
344 2069 397 2132 sed
417 2070 536 2133 duobus
559 2069 694 2131 membris
716 2079 835 2132 tantum
855 2079 1008 2143 constant,
1037 2067 1168 2132 diverbio
1189 2078 1219 2130 et
1239 2069 1362 2130 cantico.

104 2171 205 2250 primis
227 2180 326 2233 autem
347 2171 536 2254 temporibus,
559 2172 644 2235 sicuti
657 2171 766 2234 adserit
779 2171 984 2253 Tranquillus,
1006 2171 1105 2233 omnia
1119 2191 1196 2251 qnae
1210 2172 1242 2232 in
1257 2190 1365 2233 scaena
1387 2174 1405 2232 5

53 2283 267 2338 attremantur
294 2274 326 2335 in
346 2273 498 2336 comoedia
519 2273 691 2354 agebantur.
734 2294 806 2335 nam
826 2283 857 2335 et
877 2274 1077 2355 pantomimus
1104 2283 1134 2334 et
1154 2273 1314 2355 pythaules
1335 2282 1365 2334 et

103 2375 260 2439 choraules
287 2376 319 2437 in
347 2375 498 2438 comoedia
524 2375 681 2438 canebant
725 2375 778 2438 sed
799 2377 870 2457 quia
898 2399 961 2462 non
989 2386 1128 2458 poterant
1154 2376 1254 2437 omnia
1277 2374 1364 2474 simul

104 2476 188 2558 apud
208 2497 311 2541 omnes
332 2477 456 2539 artifices
476 2477 587 2558 pariter
606 2477 757 2553 excellere,
783 2480 859 2560 siqui
880 2489 966 2541 erant
987 2479 1063 2540 inter
1076 2486 1189 2540 actores
1203 2477 1364 2540 comoedia·

104 2599 171 2640 rum
192 2598 247 2657 pro
268 2578 411 2641 facultate
431 2587 462 2639 et
482 2587 545 2641 arte
566 2580 708 2657 potiores,
736 2580 934 2659 principatum
959 2575 1039 2663 (sui)
1061 2580 1117 2642 sibi
1138 2578 1250 2641 artificii
1270 2577 1365 2642 vindi·

104 2679 224 2743 cabant
267 2681 309 2743 sic
337 2680 450 2743 factum
477 2690 523 2742 est
544 2677 620 2766 (ut>,
649 2681 821 2744 nolentibus
849 2682 950 2744 cedere
977 2683 1073 2744 mimis
1101 2682 1134 2742 in
1161 2680 1282 2743 artificio
1308 2701 1363 2742 suo

52 2782 218 2857 sanaris,
239 2783 385 2863 separatio
405 2781 487 2844 fieret
507 2782 695 2865 reliquorum.
738 2804 810 2846 nam
823 2785 895 2846 dum
909 2786 1037 2866 potiores
1058 2781 1245 2846 inferioribus
1266 2782 1318 2862 qui
1331 2782 1363 2844 in

105 2885 254 2946 communi
280 2883 439 2966 ergasterio
466 2894 552 2946 erant
579 2885 686 2948 servire
715 2885 922 2966 dedignantur,
952 2908 984 2949 se
1005 2887 1085 2968 ipsos
1107 2905 1126 2947 a
1146 2884 1297 2946 comoedia
1318 2904 1362 2946 se·

104 2995 295 3068 paraverunt,
322 3006 358 3049 ac
384 2985 426 3048 sie
447 2985 560 3048 factum
581 2996 627 3049 est
655 2997 690 3049 ut
710 2988 846 3066 exemplo
874 2988 965 3051 semel
991 2997 1110 3069 sumpto
1138 3008 1211 3048 usus
1239 2986 1364 3067 quisque

26 3096 30 3103 '
105 3089 176 3151 artis
204 3109 275 3150 suae
302 3109 363 3149 rem
384 3090 490 3169 exequi
517 3090 644 3170 coeperit
672 3110 770 3170 neque
797 3091 829 3151 in
856 3090 1037 3153 comoediam
1064 3089 1173 3152 venire.
1215 3088 1301 3151 cuius
1323 3090 1364 3149 rei

105 3189 212 3252 indicia
239 3189 373 3268 produnt
400 3189 488 3252 nobis
516 3191 656 3273 antiquae
683 3191 857 3266 comoediae,
891 3193 923 3252 in
950 3192 1059 3273 quibus
1087 3190 1255 3253 invenimus
1282 3188 1365 3252 ‘acta

51 3289 186 3356 moabia
206 3289 329 3373 paribus
350 3300 403 3352 aut
423 3291 584 3369 imparibus
606 3302 659 3354 aut
679 3295 809 3356 sarranis
818 3293 834 3359 '.
878 3294 1000 3376 quando
1014 3294 1093 3355 enim
1107 3292 1215 3355 chorus
1229 3291 1363 3368 canebat,

106 3391 230 3456 choricis
257 3392 336 3455 tibiis
368 3393 399 3455 id
425 3402 472 3455 est
497 3393 672 3457 choraulicis
705 3395 812 3457 artifex
844 3396 1028 3470 concinebat,
1060 3395 1092 3456 in
1120 3394 1236 3457 cantico
1265 3403 1364 3456 autem

106 3493 286 3576 pytbaulicis
307 3495 511 3573 responsabat
555 3496 608 3559 sed
628 3496 710 3577 quod
726 3494 865 3578 ‘paribus
887 3498 964 3560 tibiis
985 3497 1036 3562 vel
1057 3495 1230 3578 imparibus'
1252 3497 1364 3558 inveni·

106 3615 174 3657 mue
188 3596 337 3677 scriptum,
358 3596 416 3659 hoc
430 3597 577 3678 significat
590 3597 678 3679 quod,
701 3598 847 3680 siquando
861 3599 1000 3662 monodio
1015 3599 1130 3680 agebat,
1151 3618 1244 3660 unam
1260 3597 1364 3661 tibiam

106 3695 240 3772 inflabat,
262 3697 408 3779 siquando
430 3699 564 3781 synodio,
587 3709 736 3781 utrasque.

175 3883 225 3934 232
242 3883 337 3932 mimus
353 3879 408 3934 AB
460 3885 511 3937 233
528 3900 630 3935 mumus
647 3882 673 3934 A
725 3887 776 3937 234
794 3901 852 3935 eum
870 3890 896 3935 et
952 3888 1002 3937 236
1020 3891 1091 3950 petes
1142 3886 1240 3936 iaciunt
1258 3883 1312 3936 AB

101 3968 158 4019 238
176 3970 229 4017 tres
280 3969 331 4019 239
347 3964 512 4036 interponat
526 3967 689 4022 amandam
706 3967 744 4021 od
761 3973 830 4038 μέρη
847 3968 867 4022 i.
879 3986 901 4023 c.
919 3972 996 4023 actas
1012 3971 1184 4039 spectantem,
1201 3967 1236 4037 cf.
1249 3972 1300 4023 act.
1310 3984 1362 4023 soc.

110 4048 370 4105 Gott.naa.aer.1
386 4052 470 4120 7,112
521 4057 571 4107 240
588 4055 684 4118 quibus
700 4052 729 4106 B
781 4057 830 4106 241
849 4053 915 4122 fort.
933 4057 1050 4107 diversae
1062 4062 1177 4107 actorum
1189 4071 1312 4121 personae

107 4139 158 4199 243
174 4143 275 4189 tantum
290 4134 334 4189 B:
359 4143 446 4190 tamen
463 4136 527 4191 AM
557 4180 560 4185 .
590 4141 641 4192 247
663 4155 689 4190 se
707 4141 846 4191 formantes
863 4137 1056 4207 Reifferscheid
1125 4144 1175 4193 250
1192 4142 1311 4206 pytaules

107 4226 158 4275 254
174 4224 287 4274 mmimis
304 4220 350 4289 M,
370 4239 396 4275 se
413 4225 499 4274 mimia
516 4221 554 4286 A,
573 4225 676 4274 eximiis
693 4221 816 4277 Rabbow
880 4227 930 4278 255
947 4227 1010 4277 dum
1027 4242 1079 4279 om.
1091 4223 1157 4279 ΒΜ
1216 4228 1274 4278 255.
1285 4230 1318 4279 56
1334 4228 1362 4276 in

107 4310 177 4359 omni
235 4311 287 4362 256
304 4305 481 4374 ergasterioB
543 4311 593 4362 257
611 4311 743 4374 extemplo
760 4306 824 4361 ΑΜ
877 4313 1091 4376 unusquisque&
1160 4313 1211 4365 258
1228 4314 1312 4379 coepit

107 4395 158 4444 260
175 4394 273 4444 aaronis
289 4391 317 4446 A
368 4396 417 4446 261
436 4394 587 4445 cholauiicis
639 4396 690 4446 264
706 4394 823 4458 utrisque
840 4392 877 4457 B,
903 4397 1038 4461 utriusque
1056 4393 1118 4448 AM
