3150 5018
679 277 832 327 TZETZAE
1274 224 1287 313 Ι·
1341 275 1380 333 21

89 459 219 526 45τῖνος
247 454 301 513 καὶ
326 446 522 532 Φερεκράτης
550 454 603 513 καὶ
625 444 765 514 Πλάτων
796 453 850 512 καὶ
868 443 1095 529 Ἀριστοφάνης
1124 444 1222 525 αύτός
1243 444 1283 513 τά
1305 465 1382 526 συμ-

128 547 245 627 βολικὰ
272 557 526 633 μετεχειρίσαντο
555 547 748 627 σκιόμματα·
781 545 799 631 έγ
828 545 865 632 δή
895 552 1026 632 δευτέρα
1053 554 1219 626 κονμονιδία
1246 552 1380 632 ἐλέγετο,

128 655 217 735 μέχρι
240 647 281 718 οὗ
302 656 380 734 μηδὲ
402 660 606 731 συμβολικῶς
628 649 811 716 ἐθελόντων
839 658 908 715 τῶν
936 659 1082 716 πολιτῶν
1111 648 1315 718 σκώπτεσθαι
1337 657 1381 732 εἰς

129 751 270 832 δούλους
296 750 420 833 μόνους
448 760 503 819 καὶ
531 757 646 833 ξένους
674 754 857 818 έσκανπτον·
890 749 909 836 ἣ
943 750 980 834 δή
1012 759 1103 836 τρίτη
1135 749 1176 836 ἦν
1204 759 1381 837 κονμονιδία,

129 853 305 939 αὐξηθεῖσα
327 857 379 921 έπὶ
400 852 593 939 Μενάνδρου
615 861 670 920 καὶ
696 851 887 937 Φιλήμονος.

82 986 116 1036 ,56
211 977 255 1037 111
278 980 326 1042 26.
357 977 441 1041 ἴδιον
463 980 496 1041 δέ
518 980 700 1054 κονμονιδίας
721 978 780 1052 μέν
807 971 846 1039 τό
867 977 1060 1055 μεμιγμένον
1083 975 1163 1055 ἔχειν
1184 974 1380 1064 τοῖςλσκῶμ·

125 1095 203 1156 μασι
224 1081 357 1158 γέλωτα,
389 1082 581 1159 τραγονιδίας
609 1080 642 1141 δέ
663 1079 766 1158 πένθη
788 1080 842 1139 καὶ
865 1073 1049 1158 συμφοράς·
1082 1086 1253 1161 σατυρικῆς
1275 1083 1308 1144 δέ
1339 1079 1380 1145 ού
1415 1082 1416 1087 ’
1467 1136 1469 1143 .

126 1177 165 1245 τὸ
188 1176 253 1245 άπὸ
275 1181 418 1256 πένθους
441 1183 484 1256 είς
503 1175 608 1260 χαρὰν
636 1184 810 1258 καταντᾶν,
844 1173 888 1254 ὡς
917 1175 1136 1261 ὅῶύριπίδου
1161 1177 1299 1262 Ὀρέστης
1326 1187 1380 1253 καὶ

124 1279 282 1363 Ἄλκηστις
304 1286 357 1344 καὶ
378 1277 398 1361 ἡ
416 1283 628 1359 Σοφοκλέους
652 1277 805 1361 Ἠλέκτρα
828 1280 863 1343 ἐκ
883 1281 1012 1360 μέρους,
1036 1277 1143 1363 ῶσπερ
1165 1285 1248 1360 τινές
1271 1303 1379 1365 φασιν,

127 1381 200 1448 ἄλλ’
216 1381 311 1465 άμιγῆ
325 1387 379 1446 καὶ
390 1388 543 1464 χαρίεντα
556 1387 611 1446 καὶ
625 1378 803 1458 θυμελικὸν
819 1381 878 1461 ἔχει
892 1383 1024 1460 γέλωτα
1066 1386 1113 1448 27.
1139 1382 1213 1448 οἷον
1222 1381 1379 1467 Ἡρακλῆς

87 1494 116 1543 55
126 1490 261 1567 πραθεὶς
275 1492 335 1549 τῶι
349 1493 451 1550 Σολεῖ
470 1481 515 1562 ῶς
529 1482 670 1565 γεωργὸς
692 1488 810 1560 δοῦλος
825 1484 972 1548 έσταλται
994 1487 1038 1560 είς
1057 1479 1118 1548 τὸν
1132 1479 1234 1566 α’ργόν
1248 1481 1308 1548 τὸν
1323 1482 1379 1562 α’μ-
1469 1511 1472 1518 ·

126 1594 258 1651 πελῶνα
280 1583 492 1669 ἐργάσασθαι·
514 1582 703 1662 α’νεσπακώς
726 1589 758 1649 δέ
776 1587 915 1666 δικέλληι
930 1591 1128 1667 προρρίζους
1142 1582 1200 1662 τὰς
1214 1583 1377 1663 α’μπέλους

126 1684 360 1770 νωτοφορήσας
382 1711 416 1752 τε
438 1686 539 1765 αὐτὰς
561 1692 604 1765 είς
625 1684 664 1751 τὸ
686 1688 803 1768 οἴκημα
824 1693 886 1752 τοτ’,
901 1685 1005 1768 α’γροῦ
1019 1685 1155 1765 θανμούς
1168 1712 1203 1753 τε
1216 1683 1377 1768 μεγάλους

126 1790 254 1870 ἐποίησε
275 1787 409 1855 καὶτὸν
431 1795 565 1871 κρείττω
587 1796 656 1854 τῶν
677 1795 769 1866 βοῶν
783 1784 888 1866 θύσας
902 1785 1030 1853 καὶτὸν
1045 1797 1191 1855 πιθεῶνα
1205 1786 1379 1873 διαρρήξας

125 1897 180 1955 καὶ
207 1888 267 1956 τὸν
294 1888 469 1958 κάλλιστον
497 1898 598 1956 πίθον
627 1886 850 1968 α’ποπονμάσας
877 1888 935 1968 τὰς
961 1886 1066 1973 θύρας
1093 1915 1127 1955 τε
1150 1887 1195 1970 ῶς
1215 1888 1377 1975 τράπεζαν
1494 1886 1497 1892 ’

84 1999 192 2070 δοθεὶς
211 1990 304 2076 ἤσθιε
325 1999 380 2058 καὶ
402 1995 510 2059 έπινεν
532 1990 643 2073 ἄιδονν,
665 1998 719 2057 καὶ
740 2000 800 2056 τῶι
821 1999 1001 2075 προεστῶτι
1024 1997 1056 2057 δέ
1078 2001 1139 2059 τοῦ
1160 1993 1264 2076 α’γρού
1282 1991 1377 2076 δριμὺ

124 2097 251 2178 ἐνορῶν
278 2098 387 2178 φέρειν
415 2097 560 2160 ἐκέλευεν
589 2092 693 2176 ὡραῖά
714 2118 748 2159 τε
769 2101 823 2158 καὶ
844 2101 1061 2172 πλακοῦντας.
1107 2101 1161 2159 καὶ
1181 2098 1274 2173 τέλος
1296 2093 1378 2161 ὅλον

59 2268 62 2275 ,
124 2194 273 2275 ποταμόν
300 2194 383 2280 πρὸς
411 2194 470 2280 τήν
492 2198 628 2263 ἔπαυλιν
656 2200 776 2281 τρέψας
804 2193 844 2261 τὰ
872 2192 979 2261 πάντα
1007 2200 1212 2262 κατέκλυσεν.
1256 2199 1322 2262 έστὶ
1344 2201 1377 2262 δέ

123 2296 162 2365 τὸ
184 2307 337 2365 τοιοῦτον
351 2298 530 2382 Εὐριπίδου
552 2303 665 2382 δρᾶμα.
705 2306 840 2364 τοιαῦτα
859 2302 891 2363 δέ
914 2303 972 2363 εἰσι
993 2295 1034 2363 τὰ
1050 2295 1206 2381 σατυρικὰ
1221 2295 1374 2380 δράματα.

125 2405 173 2467 28.
209 2404 301 2480 τέλος
330 2405 362 2467 δέ
389 2406 582 2484 τραγονιδίας
609 2404 668 2479 μέν
697 2397 787 2465 λύειν
816 2396 876 2465 τόν
902 2407 987 2481 βίον,
1016 2406 1199 2479 κονμονιδίας
1228 2405 1260 2466 δέ
1289 2418 1376 2466 συνι·

83 2511 204 2568 σέστᾶν
227 2499 338 2582 αὐτόν,
373 2511 545 2586 σατυρικῆς
573 2506 606 2568 δέ
627 2499 791 2579 τοιούτοις
812 2510 999 2581 θυμελικοῖς
1018 2518 1255 2586 χαριεντισμοῖς
1276 2511 1376 2586 καθη-

125 2601 233 2671 δύνειν
255 2601 366 2672 αύτόν.
391 2611 521 2688 λυρικοί
543 2610 576 2670 δέ
599 2608 631 2672 οὶ
652 2610 706 2669 καὶ
728 2611 877 2671 κυκλικοὶ
898 2611 952 2670 καί
975 2602 1170 2689 διθύραμβοι
1191 2603 1210 2688 ἢ
1232 2602 1375 2688 α’θλητέις

124 2704 225 2787 α’γῶσι
248 2713 408 2784 νικῶντας
430 2703 586 2789 έπήινουν
614 2704 633 2788 ἢ
655 2703 715 2771 τὸν
737 2704 899 2772 Διόνυσον
921 2705 1049 2785 ύμνουν
1071 2706 1090 2772 ff
1114 2709 1243 2813 ἑτέρους
1265 2706 1374 2786 θεούς.

209 2827 252 2888 IV
274 2831 323 2892 29.
354 2827 399 2891 έτι
422 2829 527 2892 ἰστέον
549 2822 599 2890 ότι
620 2822 702 2890 κατὰ
723 2822 899 2892 Διονύσιον
928 2830 982 2890 καὶ
1003 2823 1152 2910 Κράτητα
1173 2832 1227 2892 καὶ
1247 2825 1378 2893 Μύκλεί-

124 2933 182 3011 δην
202 2931 281 3011 μέρη
304 2933 487 3006 κιομακδίας
509 2932 568 2992 εἰσὶ
582 2930 737 3010 τέσσαρα
758 2924 932 3008 πρόλογος,
953 2930 1050 3005 μέλος
1061 2936 1175 3010 χοροῦ,
1198 2925 1376 2994 έπεισόδιον

82 3036 176 3096 ῖοκαὶ
198 3031 317 3110 ἔξοδος.
352 3036 407 3095 καὶ
429 3027 593 3112 πρόλογος
613 3032 672 3107 μέν
694 3031 761 3106 έστι
782 3026 821 3094 τὸ
841 3032 931 3111 μέχρι
952 3036 1013 3095 τοῦ
1031 3037 1136 3111 χοροι·
1157 3037 1214 3112 τῆς
1236 3026 1372 3117 εἰσόδου.
1481 3022 1483 3030 ’

122 3129 142 3216 ῆ
165 3137 198 3198 δέ
220 3129 285 3210 άμα
306 3141 357 3215 τῆι
379 3130 506 3199 είσόδονι
527 3140 589 3198 τοῦ
606 3138 713 3215 χοροῦ
733 3133 888 3213 λεγομένη
910 3131 1000 3214 (ὶῆσις
1028 3133 1125 3210 μέλος
1152 3140 1295 3197 καλεῖται
1321 3156 1376 3213 χο·

123 3243 192 3319 ροῦ.
239 3232 418 3301 ἐπεισόδιον
444 3238 477 3300 δέ
499 3236 565 3300 έστι
586 3231 625 3300 τὸ
646 3231 767 3313 μεταξὺ
787 3241 897 3311 μελῶν
917 3238 973 3299 Ικαὶ
994 3231 1119 3316 ῥήσεων
1141 3230 1200 3300 δύο
1220 3244 1372 3316 χορικῶν.

122 3337 234 3416 ἔξοδος
256 3339 288 3402 δέ
312 3339 397 3401 ἐστιν
418 3333 438 3419 ή
460 3334 543 3419 πρὸς
564 3344 624 3402 τῶι
638 3339 720 3401 τέλει
734 3343 795 3401 τοῦ
806 3343 910 3419 χοροῦ
925 3337 1022 3418 ῥῆσις.
1059 3341 1107 3403 30.
1131 3339 1210 3419 μέρη
1225 3339 1258 3400 δέ
1272 3337 1374 3418 παρἀ·

207 3508 247 3556 ΠΙ
270 3506 359 3557 eadem
376 3508 429 3556 fere
445 3506 496 3556 Mb
513 3523 538 3571 p.
548 3509 589 3558 33'
600 3506 786 3569 (signifioentur
802 3506 856 3556 Μα
873 3512 898 3556 et
915 3506 970 3556 Μὶν
987 3508 1094 3557 Τκείταο
1111 3509 1242 3571 prooemia
1252 3507 1374 3558 Μοιὶίοὶα·
1464 3562 1465 3566 Ἰ

121 3592 218 3654 nensis,
235 3593 305 3641 infra
321 3608 347 3656 p.
360 3593 393 3642 24
402 3592 468 3655 sqq.)
539 3593 572 3643 55
590 3584 688 3654 ίοτδλη
705 3590 757 3643 Μὶν
820 3593 854 3643 56
872 3586 1009 3656 officiove
1025 3594 1135 3643 ἁπάοαε
1151 3592 1201 3643 Μὶν
1263 3594 1296 3644 57
1315 3590 1373 3641 θω-

121 3680 189 3742 μοδε
207 3694 237 3727 τε
253 3677 358 3727 Nauck:
386 3678 484 3744 ἄρτους
502 3693 532 3727 τε
548 3677 632 3738 MPV,
655 3679 771 3742 ρονμοιὶε
786 3676 837 3726 Μὶν
904 3678 938 3728 58
956 3677 1069 3741 ἐποίησε
1081 3678 1132 3728 τὸν
1144 3680 1259 3743 κρείττω
1274 3693 1304 3726 τε
1316 3682 1374 3726 τῶν

121 3765 201 3826 βοῶν
219 3759 308 3811 θέσαν
325 3759 521 3825 κατεθοινᾶτο,
545 3764 591 3811 καί
610 3762 661 3812 τόν
678 3758 811 3812 πιθεῶνα
829 3755 858 3811 όί
879 3755 1025 3829 διαρρῆξαι
1040 3761 1092 3812 Μὶν
1161 3763 1194 3813 62
1212 3756 1374 3812 κατέκλυσεν

121 3846 138 3896 δ
151 3839 245 3896 δοῦλον
256 3848 367 3909 ἐκεῖνον,
385 3848 401 3896 δ
414 3848 614 3911 τεχνικώτατον
628 3847 748 3914 γεωργός
763 3845 815 3896 Μὶν
882 3848 924 3898 62.
934 3849 966 3899 63
984 3850 1043 3897 ίατί
1056 3841 1086 3896 δέ
1099 3886 1105 3898 .
1116 3885 1138 3899 ..
1153 3841 1244 3913 δρᾶμα
1261 3861 1311 3897 om.
1322 3845 1374 3895 Μὶν

205 3933 238 3982 66
258 3924 462 3998 όιθνραμβικοί
475 3932 562 3996 Bergk
983 3994 984 3997 Ἴ
1354 3954 1357 3962 ·

205 4018 244 4067 Ν
265 4017 354 4068 eadem
370 4017 419 4067 Μα
436 4019 484 4069 ο.5
503 4017 538 4080 (εί
549 4016 605 4067 ’Μὶν
622 4031 644 4067 ο.
655 4015 681 4080 5)
699 4020 725 4065 et
737 4015 844 4065 Tzetzae
861 4015 941 4066 Iamb.
953 4017 985 4065 de
997 4031 1061 4067 eom.
1073 4017 1142 4064 infra
1152 4031 1178 4064 n.
1187 4015 1254 4066 vm
1267 4017 1296 4066 11
1307 4029 1372 4077 κῃ,
1396 4008 1400 4015 ’

119 4107 254 4167 praeterea
270 4103 354 4153 Tract.
368 4102 445 4152 Ooisl.
462 4101 532 4152 infru
542 4117 568 4151 n.
581 4099 665 4167 2158
702 4151 705 4155 ,
726 4101 759 4150 68
777 4100 828 4149 λεία
844 4105 979 4150 auctorum
996 4102 1101 4150 nomina
1117 4101 1210 4150 omissa
1226 4101 1253 4149 in
1266 4100 1372 4149 Τκολτεο

120 4186 216 4237 Iambis
269 4189 300 4239 72
313 4189 372 4237 ίστὶ
383 4180 463 4251 μέέοε
472 4183 575 4251 μεταξύ
586 4179 680 4250 μελῶν
691 4203 714 4236 κ.
727 4186 835 4253 ῥήσεων
848 4180 897 4235 δύο
909 4186 1000 4252 χορῶν
1008 4186 1084 4235 MPV
1094 4185 1209 4248 itemque
1220 4184 1276 4247 Μα,
1294 4177 1374 4252 λόγον

119 4267 223 4336 μεταξύ
242 4265 313 4335 πλήν
328 4265 422 4337 μελῶν
444 4271 536 4338 χορῶν
560 4264 609 4320 δύο
626 4269 722 4320 lambi:
749 4275 893 4320 correctum
910 4286 943 4319 ex
961 4271 1045 4320 ΤνάοίΛ
1058 4269 1135 4320 Οοὶεὶ.
1152 4270 1196 4334 §9
1214 4262 1373 4319 ίπειοδδιόν

121 4358 180 4406 ίοτι
198 4357 231 4406 τδ
246 4353 350 4422 μεταξύ
369 4350 418 4406 δύο
435 4361 556 4422 χορικῶν
571 4349 664 4420 μελῶν
768 4357 800 4407 73
809 4370 847 4418 sq.
865 4342 995 4406 et'hmb.
1014 4371 1040 4406 v.
1052 4358 1150 4418 40sqq.
1169 4360 1195 4405 et
1212 4369 1278 4417 quae
1295 4353 1372 4404 Vitae

119 4441 322 4506 Aristophanem
340 4442 391 4504 (XI
408 4440 512 4504 Duebn)
528 4440 557 4490 in
575 4440 705 4492 oodioibus
722 4440 863 4490 adhaerent
