3150 5018
423 308 425 314 v
484 261 606 345 senos.
623 297 662 345 m
679 297 818 348 mosis.
836 298 962 349 insse.
1000 317 1002 322 .
1309 299 1348 356 15

61 468 207 526 θθπολυν
225 459 350 544 χρόνον
373 467 404 529 οί
425 461 578 546 ἄρχοντες
598 460 762 548 Ἀθήνησιν
783 464 925 549 ἤρξαντο
939 463 1080 533 κωλύειν
1093 465 1172 547 τούς
1186 468 1351 549 κωμικούς

10 621 12 624 ,
102 569 162 626 τοῦ
193 559 235 645 μὴ
269 573 429 647 φανερῶς,
449 563 555 644 οὕτως
588 571 642 630 καί
674 565 830 644 ὀνομαστί
863 569 998 649 ἐλέγχειν
1034 566 1112 648 τοὺς
1148 568 1349 650 α’δικοῦντας.

54 688 57 692 ·
104 662 198 730 αύτοί
219 662 280 748 γὰρ
302 669 454 745 θέλοντες
476 666 598 732 ἀδικεῖν
620 674 674 733 καί
694 665 737 751 μὴ
755 670 934 750 ἐλέγχεσθαι
949 667 1070 735 τούτου
1083 666 1179 753 χάριν
1194 672 1351 751 ἐπετίμων

104 765 224 845 αὐτοῖς.
264 765 342 834 ὅθεν
371 764 478 852 ῶσπερ
507 775 748 850 αἰνιγματωδῶς
776 776 830 835 καί
852 769 900 859 ,ού
921 779 1070 855 φανερῶς
1092 770 1265 854 ἠλέγχοντο
1287 765 1352 840 ὑπο

103 877 171 935 τῶν
192 878 354 949 κωμικῶν.
391 872 435 935 ἐτι
457 875 490 935 δέ
512 878 566 936 καί
588 874 640 937 ἐπί
662 868 698 937 τὸ
723 875 823 938 πλέον
845 870 1023 956 προιούσης
1043 880 1097 939 καί
1120 872 1352 958 ἐπικρατούσης

63 980 158 1056 θέτης
179 979 293 1050 κακίας
316 970 527 1055 ἐκωλύθησαν
550 981 610 1039 τοῦ
631 980 686 1039 καί
707 979 949 1053 αἰνιγματωδῶς
971 977 1107 1056 ἐλέγχειν
1134 982 1187 1041 καί
1209 974 1351 1059 ὑβρίζειν

105 1073 183 1153 τοὺς
204 1082 406 1159 κρατοῦντας
428 1080 482 1139 καί
504 1068 663 1156 ἄρχοντας
684 1083 741 1159 τῆς
762 1072 896 1154 πόλεως.
942 1073 990 1142 διὸ
1013 1083 1068 1142 καί
1088 1092 1173 1160 τρεῖς
1196 1077 1352 1161 διαφορὰς

106 1180 215 1257 έδοξεν
237 1178 318 1257 ἐχειν
340 1174 359 1257 ίγ
381 1181 553 1254 κωμωιδία.
592 1183 646 1242 καί
668 1173 687 1258 ἣ
708 1181 767 1254 μέν
782 1186 927 1243 καλεῖται
943 1175 1075 1258 παλαιοί,
1097 1175 1167 1261 ἣέξ
1182 1178 1278 1263 ἀρχῆς
1293 1204 1353 1261 φα·

106 1287 208 1361 νερῶς
230 1280 412 1359 ἐλέγχουσα,
433 1275 453 1361 ἣ
476 1283 509 1344 δέ
530 1281 608 1361 μέση
630 1276 649 1362 ἣ
672 1283 923 1360 αἰνιγματωδῶς,
950 1277 970 1363 ἣ
993 1284 1025 1345 δέ
1048 1279 1105 1345 νέα
1125 1279 1145 1363 ἡ
1167 1288 1230 1364 μηδ
1237 1281 1246 1304 '
1268 1279 1353 1361 ὅλως

106 1389 205 1447 τοῦτο
227 1387 365 1446 ποιοῦσα
387 1377 472 1462 πλὴν
493 1383 544 1445 ἐπὶ
566 1376 696 1447 δούλων
716 1377 735 1464 ἢ
760 1384 870 1460 ξένων.
909 1387 964 1446 καί
978 1389 1034 1463 τῆς
1047 1385 1106 1459 μέν
1120 1391 1258 1462 παλαιᾶς
1273 1392 1353 1451 πολ-

65 1490 157 1551 ῖθλοί
184 1479 362 1564 γεγόνασιν,
395 1484 547 1564 ἐπίσημος
575 1488 608 1548 δέ
630 1493 789 1565 Κρατῖνος
815 1481 833 1548 ὃ
855 1488 909 1547 καί
931 1481 1170 1566 πραττόμενος·
1201 1488 1353 1567 μετέσχον

107 1591 139 1653 δέ
159 1611 249 1664 τινος
267 1582 392 1668 χρόνον
413 1591 470 1667 τῆς
491 1592 630 1662 παλαιᾶς
648 1589 832 1662 κωμωιδίας
844 1580 989 1664 Εὔπολίς
1003 1610 1038 1651 τε
1052 1591 1106 1650 καί
1116 1584 1351 1670 Ῐίριστοιρύνης.

105 1698 161 1772 τῆς
183 1693 215 1754 δέ
235 1691 331 1771 μέσης
352 1692 406 1751 καί
429 1683 528 1769 αὐτῆς
548 1690 607 1763 μέν
629 1691 747 1752 πολλοί
769 1681 948 1766 γεγόνασιν,
977 1689 1132 1771 ἐπίσημος
1160 1692 1193 1767 δέ
1214 1686 1354 1755 Πλάτων

104 1816 163 1872 τις,
197 1789 257 1870 ούχ
279 1788 298 1855 δ
320 1785 502 1869 φιλόσοφος
524 1786 603 1853 ἀλλ’
625 1783 732 1870 έτερός
758 1812 807 1865 τις
829 1784 1013 1868 ὁμώνυμος,
1047 1787 1198 1855 κάκείνου
1219 1787 1259 1857 τὰ
1283 1789 1355 1875 δρά·

104 1917 189 1971 ματα
211 1878 252 1958 ού
275 1897 429 1971 φαίνεται
475 1898 533 1977 τῆς
555 1894 589 1954 δέ
610 1893 684 1967 νέας
706 1887 829 1967 ὁμοίως
851 1895 969 1956 πολλοί
991 1885 1170 1973 γεγόνασιν,
1199 1893 1354 1973 ἐπίσημος

63 2000 136 2061 ῖσδέ
166 1993 185 2061 ὃ
214 1997 412 2076 Μένανδρος,
436 1988 489 2070 ιὸς
517 1989 639 2075 ἄστρον
669 1994 735 2056 ἐστί
762 1999 817 2075 τῆς
846 1994 920 2070 νέας
944 1991 1154 2074 κωμωιδίας’,
1187 1991 1232 2071 ὡς
1259 2017 1356 2072 μεμα·

149 2121 191 2162 κα
215 2121 256 2163 εν.
591 2125 616 2134 ··

105 2106 148 2180 θη
190 2121 311 2281 έίρηται
334 2201 365 2262 δέ
387 2201 555 2274 κωμωιδία
577 2200 678 2262 οἰονεί
701 2197 752 2260 ἐπί
773 2204 833 2261 τῶι
854 2193 978 2275 κώματι
1001 2193 1097 2278 ωἰδή·
1125 2202 1178 2261 καί
1199 2192 1260 2280 γὰρ
1283 2203 1355 2279 περί

105 2300 164 2368 τὸν
186 2297 301 2382 καιρὸν
322 2307 384 2365 τοῦ
405 2295 514 2365 ύπνου
534 2300 705 2381 ἐφευρέδη·
728 2305 821 2375 κῶμα
842 2294 903 2381 γὰρ
925 2297 945 2363 i
968 2294 1079 2374 ύπνος.
1121 2295 1180 2379 ἢῆ
1203 2305 1271 2362 τῶν
1292 2321 1355 2363 κω·

106 2410 216 2486 μητῶν
238 2399 333 2484 ῶιδή·
354 2408 459 2478 κῶμαι
481 2397 542 2483 γὰρ
564 2403 712 2480 λέγονται
734 2403 765 2465 οί
786 2406 929 2481 μείζονες
951 2397 1052 2481 οίγροί.

193 2677 226 2727 60
236 2691 292 2738 sqq.
310 2677 331 2725 Τ
348 2675 398 2724 sic:
425 2676 454 2723 01
476 2668 603 2723 πλούσιοι
627 2674 672 2721 καί
696 2685 725 2721 οι
747 2672 876 2737 ἄρχοντες
901 2672 932 2722 ού
954 2666 1119 2736 βουλόμενοι
1144 2664 1357 2735 κωμωιδείσθαι

108 2748 227 2830 ἤρξαντο
245 2755 359 2811 κωλύειν
378 2761 440 2809 τοδε
457 2760 592 2822 κωμικούς
615 2762 666 2806 τού
683 2761 808 2823 φανερῶν
831 2756 904 2804 ούτω
928 2758 974 2804 καί
996 2757 1130 2820 δνομαστί
1153 2749 1269 2823 ἐλέγχειν
1294 2758 1356 2804 τοὺς

109 2844 285 2909 ἀδικοῦνται,
314 2833 354 2895 ἵν’
382 2840 515 2894 ἐντεῦθεν
541 2835 700 2890 ἀδικοῦνται
723 2841 761 2904 μη
788 2834 951 2907 ἐλέγχωνται
978 2829 1030 2889 ὐπ’
1058 2840 1158 2889 αύτῶν.
1202 2836 1273 2889 ὅθεν
1299 2833 1355 2888 κτλ,

22 2989 25 2994 ,
158 2935 190 2985 61
211 2939 261 2983 τοῦ
276 2932 313 2997 μὴ
333 2929 386 2990 Sh:
413 2932 464 2978 τού
479 2928 509 2987 Τ,
538 2928 600 2975 τούε
617 2925 666 2987 Sb,
690 2931 748 2975 τῶν
766 2924 812 2974 Sw
863 2926 896 2975 64
914 2918 981 2973 ἀλλὰ
998 2926 1043 2973 καί
1060 2923 1102 2974 ίτι
1119 2925 1164 2973 ἐπί
1182 2918 1305 2973 πλέονΤ

108 3021 160 3069 καί
175 3020 221 3081 ἐπί
243 3017 302 3068 Sw:
329 3017 375 3063 ἐπί
393 3012 458 3064 Sbh
544 3005 628 3060 πλέον
650 3009 728 3060 sbi:
756 3002 851 3058 πλεῖον
873 3008 943 3059 Shw
1030 3011 1076 3057 καί
1093 3010 1289 3074 ἰτιικρατούσηι
1305 3023 1355 3060 om.

108 3107 201 3168 T‚.x'ai
218 3103 369 3171 κρατούσης
386 3098 455 3149 Sbw
530 3098 563 3147 65
581 3097 626 3145 καί
644 3100 695 3144 τού
710 3095 739 3152 Τ,
768 3098 818 3143 τού
834 3092 876 3143 Sh
953 3094 986 3144 65
996 3107 1052 3155 sqq.
1069 3092 1091 3141 Τ
1108 3091 1158 3140 sic:
1185 3095 1230 3142 καί
1249 3098 1300 3142 τού
1316 3095 1355 3142 αἰ-

107 3183 290 3258 νιγματωδῶε
306 3179 477 3251 κωμωιδετν·
505 3176 549 3231 διδ
567 3183 605 3230 ele
622 3177 714 3239 ξένονι
730 3181 776 3228 καί
794 3181 920 3242 πτωχούε
936 3178 979 3240 (σί.
998 3178 1030 3226 sd
1048 3193 1073 3229 v.
1086 3178 1129 3240 68)
1148 3177 1301 3240 ἔσκωπτον,
1319 3180 1356 3226 cle
1443 3217 1446 3223 .

109 3269 140 3325 δέ
157 3269 302 3325 τιλονσίουε
318 3273 364 3322 καί
382 3263 509 3327 ἰνδάξονε
527 3267 625 3318 ούκίτι.
661 3258 705 3314 διὸ
722 3265 768 3312 καί
786 3271 858 3330 τρετε
874 3257 928 3312 κτλ,
1006 3264 1041 3313 66
1059 3268 1227 3330 κρατοῦνται
1242 3265 1288 3312 καί
1306 3277 1354 3314 om.

109 3360 150 3411 Sb
219 3361 251 3410 67
270 3358 341 3423 ἔχειν
358 3349 453 3413 έδοξιν
471 3353 511 3403 sb
580 3351 666 3415 ἦμέν
682 3350 734 3418 γὰρ
751 3342 848 3398 καλ.Τ
926 3350 958 3399 68
975 3349 1044 3412 μέση
1063 3348 1115 3410 (τις
1131 3347 1190 3399 add.
1208 3347 1237 3411 b)
1253 3349 1299 3397 καί
1317 3345 1356 3397 αἱ·
1378 3338 1381 3344 ’
1431 3389 1433 3393 .

108 3437 283 3513 νιγματῶδηι·
301 3443 319 3493 Β
370 3442 411 3492 68.
422 3441 454 3491 69
475 3432 535 3502 ἥδέ
547 3435 624 3499 νέαι)
643 3436 690 3484 ἐπὶ
707 3429 795 3491 ξένων
811 3434 828 3497 ἢ
848 3427 955 3483 δούλων
971 3433 987 3497 ἢ
1006 3437 1143 3500 πτωχῶν,Ι
1155 3432 1192 3481 ῶε
1202 3431 1309 3498 εἴρηται
1325 3433 1369 3494 Τ,

109 3533 141 3581 ci.
159 3529 192 3580 ad
209 3546 235 3580 v.
245 3531 278 3580 65
347 3528 389 3577 69.
402 3527 434 3577 70
451 3525 547 3592 γέγονε
565 3515 595 3570 δὲ
613 3524 660 3584 τῆν
675 3520 728 3583 μίν
745 3520 857 3584 πρώτην
873 3511 1031 3584 κωμωιδίαι
1047 3517 1157 3583 αριστοτ
1174 3519 1295 3581 τεχνίτην
1312 3515 1355 3566 ού-

91 3631 93 3635 ⁴
110 3619 157 3666 τόν
175 3633 204 3665 τι
222 3615 237 3663 ὀ
254 3604 450 3679 Ἀριστοφάνην
466 3610 511 3658 καί
524 3600 643 3655 Εσπολιε
653 3608 698 3655 καί
709 3603 881 3671 ΚρατινοεΤ
915 3603 948 3654 σί.
966 3603 1073 3652 Ττελτιιε
1090 3601 1160 3651 Prol.
1178 3601 1211 3649 ad
1228 3601 1355 3665 Lycophr.

109 3703 123 3751 Ι
133 3718 160 3766 p.
170 3701 253 3752 256M
264 3698 343 3761 (intra
354 3711 380 3759 p.
389 3696 433 3756 34)
449 3685 592 3757 κωμωιδοί
610 3692 798 3766 πραττόμενορ
808 3688 948 3755 Κραντνοε
958 3681 1080 3736 Πλάτων
1091 3680 1210 3735 Εὔπολιν
1224 3684 1355 3751 Φερεκρύ·

110 3802 157 3852 τηε
171 3776 368 3853 Ἀριστοφάνην
384 3783 429 3830 καί
448 3780 536 3845 ἕτεροι
589 3777 620 3827 72
630 3789 668 3837 sq,
686 3773 791 3824 brevius
803 3775 824 3823 Τ
836 3773 887 3824 sic:
906 3776 953 3837 τῆς
970 3766 1000 3821 δέ
1019 3766 1145 3837 δεντίραε
1160 3764 1290 3843 Πλάτων,
1308 3770 1356 3833 ούχ

109 3873 168 3937 (οὐχ
185 3886 234 3921 om.
247 3870 292 3931 qr)
311 3868 326 3916 ὀ
345 3859 505 3936 φιλόσοφον,
525 3866 571 3926 τῆι
589 3856 618 3910 δέ
636 3862 698 3910 νέαι
710 3852 872 3924 Μένανδρον
931 3858 964 3917 77
980 3858 1025 3905 καί
1040 3855 1117 3904 αύτοί
1135 3853 1174 3904 sb
1232 3855 1265 3903 73
1283 3854 1355 3916 δμώ-

108 3972 193 4022 ννμοε
210 3955 315 4019 scripsi:
343 3949 479 4017 δμοίωεε
570 3949 602 3998 74
621 3949 769 4013 φαίνονται
787 3944 840 4004 Bw,
865 3944 924 3991 fort.
943 3943 1054 4008 φέρεται
1143 3932 1236 3988 πολλοὶ
1255 3939 1358 4002 ὁμοίως

109 4044 156 4094 Sw
248 4043 280 4093 75
307 4037 451 4089 versiculus
477 4034 581 4085 videtur
607 4047 621 4082 e
647 4031 758 4082 csxmine
784 4027 935 4078 scholastico
960 4025 1057 4090 petitus
1149 4025 1181 4074 77
1191 4037 1246 4085 sqq.
1268 4020 1357 4085 paullo

109 4128 185 4178 oiitsr
201 4127 223 4175 Τ
241 4125 284 4188 (σί.
302 4140 328 4187 p.
342 4122 396 4174 14b
414 4122 455 4185 3):
482 4111 625 4184 κωμωιδοί
643 4115 693 4166 σύν
710 4109 866 4178 ἐκλήθησαν
882 4113 899 4176 ἢ
918 4113 961 4162 ὅτι
979 4113 1006 4161 ol
1024 4111 1080 4160 ἀπὸ
1099 4114 1158 4158 τῶν
1173 4112 1278 4172 κωμῶν
1296 4122 1356 4157 σνν-

111 4214 242 4280 αγόμενοι
260 4215 347 4259 ταῦτα
365 4202 453 4270 ἧιδον,
472 4205 509 4254 oie
527 4204 646 4271 εἴρηται,
663 4201 680 4264 ἢ
699 4201 744 4249 δτι
762 4201 792 4249 ἰν
811 4204 864 4248 τῶι
879 4202 978 4264 καιρῶι
995 4201 1046 4245 τοῦ
1062 4195 1189 4258 κώματοε
1206 4190 1290 4258 ἤγουν
1308 4197 1359 4241 τοῦ

109 4298 199 4348 ύπνοα
216 4324 248 4334 -
267 4290 374 4363 λέγεται
394 4293 447 4362 γὰρ
469 4296 550 4354 κῶμα
574 4288 620 4350 (εἰσ
638 4301 687 4350 qr:
714 4290 807 4350 κῶμοι
822 4284 906 4347 mpv)
933 4282 1053 4330 δύπνοε
1071 4305 1101 4314 -
1120 4271 1208 4341 ἦιδον.
1250 4269 1357 4326 ἔστιδὲ

111 4382 162 4446 τήν
179 4374 343 4446 κωμωιδίαν
364 4381 410 4427 καί
429 4368 598 4443 τραγωιδίαν
615 4374 704 4422 εἰπεῖν
722 4371 807 4420 οἱονεὶ
827 4358 993 4435 τρνγωιδίαν
1012 4363 1075 4413 τινὰ
1092 4361 1186 4425 οὖσαν,
1210 4361 1254 4410 ὅτι
1273 4362 1357 4429 τρύγα

110 4468 249 4534 χρεόμενοι
267 4455 447 4527 ἰκωμιύιδονν
523 4460 555 4509 78
571 4463 653 4521 κῶμα
667 4457 719 4523 γὰρ
737 4456 753 4504 δ
771 4454 857 4502 ύπνοε
873 4465 922 4500 om.
941 4449 982 4500 sb
