3150 5018
568 305 758 360 ΕΠΙΧΑΡΜΟΥ
774 306 930 361 ΔΡΑΜΔΤΑ
1313 311 1374 370 113

477 473 612 559 Πύρραν
634 502 675 557 γα
696 486 799 555 μῶται
820 485 1017 564 Λευκαρίων.

119 591 244 647 similiter
260 590 403 647 Helladius
419 591 513 648 Photii
530 592 597 648 bibl.
616 597 688 648 531a
705 599 720 648 2
745 591 780 652 τὸ
798 591 855 670 γὰρ
873 600 967 668 ζητεῖν
984 601 1070 670 (ζητῶ
1085 598 1176 665 Bekk)
1195 604 1315 673 Δωριεῖς
1332 601 1375 658 λέ·

118 697 201 750 γουσι
217 684 265 750 μω
280 681 345 752 (καὶ
363 681 487 748 μῶμοι),
508 682 558 736 καὶ
573 684 668 749 μωται
686 675 721 736 τὸ
740 680 839 754 τρίτον
856 679 1020 756 πρόσωπον
1036 676 1109 756 παρ’
1127 677 1311 758 Ἐαιχάρμωα

203 782 237 833 γε
253 767 301 832 po}
316 768 366 822 aul
382 765 427 820 Et
513 767 697 822 Δευκαλίωνα
715 767 763 822 Et:
789 767 907 836 primum
930 784 1023 824 casnm
1044 769 1164 824 restituit
1179 770 1374 838 Wilamowitz,

119 846 195 914 quod
211 849 323 914 probari
340 849 452 906 videtur
468 850 512 905 Et
529 867 593 921 gen.
610 868 632 906 s.
650 854 832 934 Δενκαρίων·
861 846 925 910 οἷον
942 848 1056 926 ‘Hippo
1074 849 1092 926 ἢ
1109 850 1302 929 Δευκαρίων’,
1324 856 1373 911 uhi

118 929 237 1006 Πύρραν
253 934 440 1002 scribendum,
458 954 486 990 v.
504 935 540 991 ad
557 936 666 992 titium
683 936 801 992 fabulae.

624 1127 861 1208 mmma

202 1239 271 1295 Poll.
288 1242 316 1296 X
334 1244 366 1295 82
392 1243 487 1314 (μαγίς
504 1258 599 1298 mensa
616 1251 700 1308 sacra)
723 1238 804 1317 παρὰ
827 1243 925 1312 μέντοι
951 1237 1126 1319 Ἐπιχάρμωι
1143 1243 1175 1302 ἐν
1194 1242 1304 1320 Πύρραι
1321 1251 1370 1305 καὶ

116 1323 158 1390 (ἐν
175 1323 282 1400 πύρραι
298 1322 317 1399 ἢ
335 1326 366 1392 0,
390 1325 423 1383 ἐν
439 1333 564 1400 πορκαιᾶ
582 1329 633 1396 FS)
652 1334 806 1403 Προμηθεῖ
824 1322 964 1386 καὶκατὰ
989 1326 1042 1401 τὴν
1058 1322 1247 1403 οἶνθρωπίνην
1268 1336 1369 1404 χρῆσιν

117 1410 226 1482 εἴρηται

523 1483 654 1565 κύλικα,
681 1491 811 1566 pariclo,
833 1482 966 1567 λύχνον.

114 1614 149 1669 cf.
172 1615 314 1673 Helladius
336 1617 365 1672 in
386 1617 480 1673 Photii
501 1618 569 1676 bibl.
591 1619 665 1675 5531)
685 1624 725 1673 10.
760 1619 853 1689 glossa
878 1625 921 1673 est
945 1618 1143 1688 Aristophanis
1167 1620 1307 1692 Byzantii,
1333 1621 1368 1677 cf.

114 1699 192 1755 Enst
211 1705 285 1768 1161,
297 1706 339 1756 34.
373 1703 443 1759 Poll.
455 1704 496 1759 VI
514 1708 554 1758 83.
590 1702 717 1759 Strecker
733 1704 850 1758 Hermae
868 1703 964 1758 XXVI
981 1708 1039 1757 211.

695 1896 780 1956 *119

198 2005 318 2063 Antiatt
335 2007 424 2064 Bekk.
443 2013 484 2075 85,
497 2014 530 2064 24
552 2004 739 2082 βλενιν16ν·
768 2004 822 2066 τὸν
839 2012 920 2080 νωθῆ
941 2013 991 2066 καὶ
1012 2004 1115 2083 μωρὸν
1132 2006 1268 2084 Σώφρων
1293 2016 1363 2082 Προ·

111 2095 204 2162 μηθεῖ.
240 2100 288 2148 aut
310 2090 446 2168 Σώφρων
471 2111 562 2151 errem
588 2097 717 2165 scriptum
743 2112 794 2164 pro
815 2087 988 2168 Ἐπίχαρμος
1013 2101 1062 2150 aut
1087 2095 1189 2151 excidit
1209 2096 1364 2165 Epicharmi

111 2191 221 2231 nomen.
250 2195 278 2232 v.
296 2178 448 2247 Sophronis
464 2179 551 2234 1143.
581 2180 699 2252 Hesych.
717 2177 847 2254 βλεννόν.

706 2376 766 2436 120

195 2485 315 2542 Antiatt
326 2487 415 2544 Bekk.
428 2493 498 2555 90‚3
517 2480 704 2558 ύεούμεύα·
722 2480 787 2545 οἷντὶ
804 2491 857 2545 τού
874 2484 1075 2560 consociatae
1092 2480 1126 2545 'la
1145 2489 1327 2545 Δευκαλίωνι.

705 2682 764 2742 121

194 2791 298 2848 Athen.
316 2793 344 2847 X
361 2794 440 2848 42411
457 2798 506 2851 καὶ
523 2788 561 2852 ’n
580 2788 607 2852 δ’
624 2792 657 2853 ἐν
675 2793 785 2869 Πύρραι
803 2789 1042 2867 εὐωνέστερον
1059 2787 1120 2864 ἔφη.

547 2988 631 3046 *122
656 2986 723 3062 (inc.
738 2986 774 3048 fr.
790 2990 829 3049 51
844 2985 918 3062 Lor)

193 3115 282 3172 Schol.
300 3118 379 3173 Pind.
398 3116 438 3174 01.
456 3118 498 3172 [X
515 3122 547 3172 68
568 3119 611 3183 (de
629 3118 734 3190 Pyrrha
752 3126 780 3174 et
796 3117 973 3181 Deucalione)
994 3118 1043 3172 aul
1063 3109 1078 3172 ὃ
1096 3115 1149 3185 μὲν
1166 3107 1203 3170 Ἒ.
1222 3106 1281 3171 ἆτὸ
1300 3117 1360 3169 τῶν

107 3199 196 3269 λύων,
212 3208 271 3262 τῶν
288 3208 387 3271 Πθων,
404 3200 492 3272 λαούς
509 3202 577 3271 τοὺς
596 3201 700 3276 ὄχλους
717 3207 801 3276 φησὶν
818 3195 996 3271 ὠνομάσθαι.
1032 3200 1066 3255 cf.
1084 3201 1128 3255 Et
1146 3200 1181 3254 M.
1201 3203 1259 3264 553,
1271 3203 1294 3251 6.

505 3404 718 3463 ΣΠΙΡΗΝΠΣ
739 3398 779 3475 (p.
795 3396 855 3456 251
879 3394 951 3471 Lor)

190 3528 312 3584 eiusdem
330 3529 449 3584 nominis
467 3528 626 3598 similisque,
643 3535 675 3583 ut
691 3528 809 3593 videtur,
827 3527 980 3596 argumenti
998 3523 1178 3593 Nicophontis
1195 3521 1297 3576 fabula.

545 3717 914 3796 *mmmmw

383 3861 458 3923 luel
479 3860 706 3937 τοξοχίτωνες,
733 3852 866 3922 α’κούετε
887 3850 1085 3937 Σειρηνοὲων.

189 3988 315 4044 ScholT
333 3989 414 4043 Hom.
428 3991 453 4041 Τ
463 3994 476 4042 1
495 3987 606 4062 ῥοάων·
632 3986 771 4056 Βοιώτιος
788 3986 804 4059 ἡ
823 3985 913 4060 φωνή.
947 3991 995 4045 καὶ
1013 3982 1073 4045 ἀπὸ
1092 3990 1151 4042 τῶν
1168 3984 1209 4050 εἰς
1226 3988 1255 4050 ἐξ
1273 3975 1356 4055 οέρσε-

102 4076 191 4129 νικιύν
207 4067 491 4148 ι”ι1ρτεμι11ρητα’ων
507 4072 613 4133 πότνια
630 4066 822 4147 τοξοφόρωνῖ
848 4075 925 4130 ιλαοὶ
938 4113 962 4126 ..
976 4063 1157 4143 Σειρηνύων’
1172 4061 1354 4140 Ἐπίχαρμος.

100 4158 131 4212 in
147 4159 239 4227 priore
255 4176 338 4215 vomu
352 4160 509 4232 Κρηταὲων
526 4162 628 4230 (potius
641 4163 791 4232 Πρηταιῦν)
810 4175 877 4213 corr.
889 4157 985 4213 Nauck
1002 4158 1094 4211 Herm.
1107 4155 1202 4210 XXIV
1213 4157 1272 4218 454,
1290 4152 1355 4206 alte·

100 4260 160 4298 rum
183 4243 284 4299 frustra
306 4244 472 4301 Callimacho
493 4247 586 4316 potius
609 4262 691 4315 quam
713 4243 878 4313 Epicharmo
904 4243 1018 4313 (lignum
1041 4246 1210 4296 censuerrmt
1248 4238 1354 4293 numeri

101 4328 239 4383 Homerici
258 4328 360 4384 Sirenis
382 4330 464 4385 etiam
486 4331 515 4384 in
535 4331 679 4387 comoedia
700 4330 771 4398 apti,
795 4324 919 4398 Σειρήνα
941 4328 1030 4382 forma
1047 4325 1142 4380 Italica
1158 4324 1276 4379 videtur.
1305 4324 1355 4379 sed

101 4416 291 4485 τοξοχίτωνες
307 4415 357 4469 vix
374 4430 483 4482 verum,
505 4417 583 4473 aliter
598 4422 684 4486 poeta
700 4415 775 4485 apud
792 4413 959 4485 Hesychium
978 4413 1164 4483 οἰνοχίτωνας
1181 4410 1285 4479 ἐλαίας,
1318 4411 1354 4464 ad

98 4496 209 4553 Sirenas
226 4497 348 4555 fabulam
365 4500 470 4556 rettulit
487 4501 685 4557 Schneideun'n.

150 4589 270 4646 nassa,
291 4593 378 4648 magn.
393 4595 453 4640 com.
467 4595 545 4639 craso.
560 4596 578 4640 1.
1132 4583 1147 4635 8
