<?xml version="1.0" encoding="UTF-8"?>
<!DOCTYPE html PUBLIC "-//W3C//DTD XHTML 1.0 Transitional//EN"
    "http://www.w3.org/TR/xhtml1/DTD/xhtml1-transitional.dtd">
<html xmlns="http://www.w3.org/1999/xhtml" xml:lang="en" lang="en">
 <head>
  <title>
</title>
<meta http-equiv="Content-Type" content="text/html;charset=utf-8" />
  <meta name='ocr-system' content='tesseract 3.04.00' />
  <meta name='ocr-capabilities' content='ocr_page ocr_carea ocr_par ocr_line ocrx_word'/>
</head>
<body>
  <div class='ocr_page' id='page_1' title='image "./comicorvmgraeco00kaibgoog_0130.png"; bbox 0 0 3150 5018; ppageno 0'>
   <div class='ocr_carea' id='block_1_1' title="bbox 501 273 866 330">
    <p class='ocr_par' dir='ltr' id='par_1_1' title="bbox 501 273 866 330">
     <span class='ocr_line' id='line_1_1' title="bbox 501 273 866 330; baseline 0.005 -4"><span class='ocrx_word' id='word_1_1' title='bbox 501 273 692 329; x_wconf 81' lang='grc' dir='ltr'>ΕΠΙΧΑΡΜΟΥ</span> <span class='ocrx_word' id='word_1_2' title='bbox 708 274 866 330; x_wconf 73' lang='grc' dir='ltr'><strong>ΔΡΑΜΑΤΑ</strong></span> 
     </span>
    </p>
   </div>
   <div class='ocr_carea' id='block_1_2' title="bbox 150 440 1291 743">
    <p class='ocr_par' dir='ltr' id='par_1_2' title="bbox 150 440 1291 743">
     <span class='ocr_line' id='line_1_2' title="bbox 307 440 1067 532; baseline 0.009 -22"><span class='ocrx_word' id='word_1_3' title='bbox 307 447 339 510; x_wconf 81' lang='lat' dir='ltr'><strong><em>ol</em></strong></span> <span class='ocrx_word' id='word_1_4' title='bbox 360 440 438 522; x_wconf 83' lang='grc' dir='ltr'><strong><em>τούς</em></strong></span> <span class='ocrx_word' id='word_1_5' title='bbox 462 441 598 524; x_wconf 79' lang='grc' dir='ltr'><strong><em>ἰάμβους</em></strong></span> <span class='ocrx_word' id='word_1_6' title='bbox 619 452 673 511; x_wconf 93' lang='grc' dir='ltr'><strong><em>καί</em></strong></span> <span class='ocrx_word' id='word_1_7' title='bbox 695 444 754 512; x_wconf 86' lang='grc' dir='ltr'><strong><em>τὸν</em></strong></span> <span class='ocrx_word' id='word_1_8' title='bbox 776 441 910 529; x_wconf 77' lang='grc' dir='ltr'><strong><em>ι’ἱριστον</em></strong></span> <span class='ocrx_word' id='word_1_9' title='bbox 931 447 1067 532; x_wconf 78' lang='grc' dir='ltr'><strong><em>τρόπον,</em></strong></span> 
     </span>
     <span class='ocr_line' id='line_1_3' title="bbox 308 543 947 631; baseline 0.005 -20"><span class='ocrx_word' id='word_1_10' title='bbox 308 543 348 613; x_wconf 85' lang='grc' dir='ltr'><strong><em>όν</em></strong></span> <span class='ocrx_word' id='word_1_11' title='bbox 370 554 494 630; x_wconf 87' lang='grc' dir='ltr'><strong><em>πρᾶτος</em></strong></span> <span class='ocrx_word' id='word_1_12' title='bbox 516 545 701 630; x_wconf 80' lang='grc' dir='ltr'><strong><em>είσαγήσαι9’</em></strong></span> <span class='ocrx_word' id='word_1_13' title='bbox 723 547 947 631; x_wconf 81' lang='grc' dir='ltr'><strong><em>ὡριστόξενος.</em></strong></span> 
     </span>
     <span class='ocr_line' id='line_1_4' title="bbox 150 653 1291 743; baseline 0.011 -26"><span class='ocrx_word' id='word_1_14' title='bbox 150 666 163 717; x_wconf 91' lang='grc'>1</span> <span class='ocrx_word' id='word_1_15' title='bbox 182 657 238 720; x_wconf 86' lang='grc' dir='ltr'><strong><em>κδιτ</em></strong></span> <span class='ocrx_word' id='word_1_16' title='bbox 256 655 311 719; x_wconf 86' lang='grc' dir='ltr'><strong><em>τὸν</em></strong></span> <span class='ocrx_word' id='word_1_17' title='bbox 331 653 457 734; x_wconf 86' lang='grc' dir='ltr'><strong><em>α’ρχαῖον</em></strong></span> <span class='ocrx_word' id='word_1_18' title='bbox 479 657 592 733; x_wconf 79' lang='grc' dir='ltr'><strong><em>τρόπον</em></strong></span> <span class='ocrx_word' id='word_1_19' title='bbox 609 663 729 730; x_wconf 79' lang='lat' dir='ltr'>Person,</span> <span class='ocrx_word' id='word_1_20' title='bbox 752 666 828 735; x_wconf 87' lang='lat' dir='ltr'>quod</span> <span class='ocrx_word' id='word_1_21' title='bbox 844 682 902 721; x_wconf 89' lang='lat' dir='ltr'><strong><em>non</em></strong></span> <span class='ocrx_word' id='word_1_22' title='bbox 919 666 1024 723; x_wconf 78' lang='lat' dir='ltr'><strong>sufficit</strong></span> <span class='ocrx_word' id='word_1_23' title='bbox 1087 674 1102 724; x_wconf 78' lang='lat'><strong>2</strong></span> <span class='ocrx_word' id='word_1_24' title='bbox 1121 668 1291 743; x_wconf 78' lang='grc' dir='ltr'><strong><em>εἰσηγήσα9’</em></strong></span> 
     </span>
    </p>
   </div>
   <div class='ocr_carea' id='block_1_3' title="bbox 578 837 796 920">
    <p class='ocr_par' dir='ltr' id='par_1_3' title="bbox 578 837 796 920">
     <span class='ocr_line' id='line_1_5' title="bbox 578 837 796 920; baseline -0.005 -19"><span class='ocrx_word' id='word_1_25' title='bbox 578 841 619 901; x_wconf 82' lang='lat' dir='ltr'><strong><em>ee</em></strong></span> <span class='ocrx_word' id='word_1_26' title='bbox 643 839 695 916; x_wconf 81' lang='lat' dir='ltr'><strong><em>(or</em></strong></span> <span class='ocrx_word' id='word_1_27' title='bbox 718 837 796 920; x_wconf 71' lang='lat' dir='ltr'><strong><em>Aer)</em></strong></span> 
     </span>
    </p>
   </div>
   <div class='ocr_carea' id='block_1_4' title="bbox 57 950 1318 1115">
    <p class='ocr_par' dir='ltr' id='par_1_4' title="bbox 57 950 1318 1115">
     <span class='ocr_line' id='line_1_6' title="bbox 146 950 1318 1028; baseline 0.009 -24"><span class='ocrx_word' id='word_1_28' title='bbox 146 950 252 1007; x_wconf 87' lang='lat' dir='ltr'>Athen.</span> <span class='ocrx_word' id='word_1_29' title='bbox 270 950 312 1006; x_wconf 91' lang='lat'><strong><em>111</em></strong></span> <span class='ocrx_word' id='word_1_30' title='bbox 331 952 433 1008; x_wconf 78' lang='lat' dir='ltr'>leode</span> <span class='ocrx_word' id='word_1_31' title='bbox 455 954 592 1026; x_wconf 75' lang='grc' dir='ltr'><strong><em>κουρίδας</em></strong></span> <span class='ocrx_word' id='word_1_32' title='bbox 609 953 638 1012; x_wconf 79' lang='grc' dir='ltr'><strong><em>δὲ</em></strong></span> <span class='ocrx_word' id='word_1_33' title='bbox 655 951 708 1020; x_wconf 81' lang='grc' dir='ltr'><strong><em>τὰς</em></strong></span> <span class='ocrx_word' id='word_1_34' title='bbox 724 959 844 1026; x_wconf 86' lang='grc' dir='ltr'><strong><em>καρῖδας</em></strong></span> <span class='ocrx_word' id='word_1_35' title='bbox 865 953 960 1028; x_wconf 84' lang='grc' dir='ltr'><strong><em>είρηκε</em></strong></span> <span class='ocrx_word' id='word_1_36' title='bbox 980 953 1115 1027; x_wconf 78' lang='grc' dir='ltr'><strong><em>Σώφρων</em></strong></span> <span class='ocrx_word' id='word_1_37' title='bbox 1133 996 1139 1011; x_wconf 92' lang='grc'><em>.</em></span> <span class='ocrx_word' id='word_1_38' title='bbox 1158 997 1165 1012; x_wconf 90' lang='grc'><strong>.</strong></span> <span class='ocrx_word' id='word_1_39' title='bbox 1183 950 1221 1014; x_wconf 68' lang='lat' dir='ltr'><strong><em>&#39;lo</em></strong></span> <span class='ocrx_word' id='word_1_40' title='bbox 1239 959 1269 1017; x_wconf 77' lang='grc' dir='ltr'><strong><em>δὲ</em></strong></span> <span class='ocrx_word' id='word_1_41' title='bbox 1286 957 1318 1016; x_wconf 81' lang='grc' dir='ltr'><strong><em>ἐν</em></strong></span> 
     </span>
     <span class='ocr_line' id='line_1_7' title="bbox 57 1030 1250 1115; baseline 0.011 -29"><span class='ocrx_word' id='word_1_42' title='bbox 57 1032 117 1089; x_wconf 80' lang='grc' dir='ltr'><strong><em>Γᾶν</em></strong></span> <span class='ocrx_word' id='word_1_43' title='bbox 134 1037 182 1090; x_wconf 91' lang='grc' dir='ltr'><strong><em>καί</em></strong></span> <span class='ocrx_word' id='word_1_44' title='bbox 202 1030 351 1094; x_wconf 79' lang='grc' dir='ltr'><strong><em>Θαλάσσαι</em></strong></span> <span class='ocrx_word' id='word_1_45' title='bbox 368 1036 411 1103; x_wconf 85' lang='lat' dir='ltr'><strong><em>(fr.</em></strong></span> <span class='ocrx_word' id='word_1_46' title='bbox 425 1041 467 1102; x_wconf 84' lang='lat'><strong><em>31)</em></strong></span> <span class='ocrx_word' id='word_1_47' title='bbox 487 1076 494 1093; x_wconf 89' lang='lat'><strong>.</strong></span> <span class='ocrx_word' id='word_1_48' title='bbox 513 1077 520 1092; x_wconf 86' lang='lat'><strong><em>.</em></strong></span> <span class='ocrx_word' id='word_1_49' title='bbox 541 1035 573 1096; x_wconf 77' lang='grc' dir='ltr'><strong><em>ἐν</em></strong></span> <span class='ocrx_word' id='word_1_50' title='bbox 590 1039 620 1096; x_wconf 81' lang='grc' dir='ltr'><strong><em>δὲ</em></strong></span> <span class='ocrx_word' id='word_1_51' title='bbox 637 1035 738 1111; x_wconf 90' lang='grc' dir='ltr'><strong><em>Δόγωι</em></strong></span> <span class='ocrx_word' id='word_1_52' title='bbox 755 1042 805 1096; x_wconf 86' lang='grc' dir='ltr'><strong><em>καί</em></strong></span> <span class='ocrx_word' id='word_1_53' title='bbox 822 1039 943 1112; x_wconf 84' lang='grc' dir='ltr'><strong><em>Λογίναι</em></strong></span> <span class='ocrx_word' id='word_1_54' title='bbox 960 1035 1006 1100; x_wconf 79' lang='grc' dir='ltr'><strong><em>διὰ</em></strong></span> <span class='ocrx_word' id='word_1_55' title='bbox 1025 1045 1078 1098; x_wconf 84' lang='grc' dir='ltr'><strong><em>τοῦ</em></strong></span> <span class='ocrx_word' id='word_1_56' title='bbox 1095 1047 1119 1096; x_wconf 84' lang='grc' dir='ltr'><strong><em>ω’</em></strong></span> <span class='ocrx_word' id='word_1_57' title='bbox 1138 1038 1250 1115; x_wconf 76' lang='grc' dir='ltr'><strong><em>εἴρηκεν</em></strong></span> 
     </span>
    </p>
   </div>
   <div class='ocr_carea' id='block_1_5' title="bbox 389 1154 972 1242">
    <p class='ocr_par' dir='ltr' id='par_1_5' title="bbox 389 1154 972 1242">
     <span class='ocr_line' id='line_1_8' title="bbox 389 1154 972 1242; baseline 0.007 -18"><span class='ocrx_word' id='word_1_58' title='bbox 389 1154 497 1239; x_wconf 79' lang='grc' dir='ltr'><strong><em>α’φύας</em></strong></span> <span class='ocrx_word' id='word_1_59' title='bbox 518 1183 553 1224; x_wconf 88' lang='grc' dir='ltr'><strong><em>τε</em></strong></span> <span class='ocrx_word' id='word_1_60' title='bbox 575 1166 715 1242; x_wconf 81' lang='grc' dir='ltr'><strong><em>κωρίδας</em></strong></span> <span class='ocrx_word' id='word_1_61' title='bbox 737 1185 771 1225; x_wconf 86' lang='grc' dir='ltr'><strong><em>τε</em></strong></span> <span class='ocrx_word' id='word_1_62' title='bbox 793 1158 972 1240; x_wconf 75' lang='grc' dir='ltr'><strong><em>καμπύλας.</em></strong></span> 
     </span>
    </p>
   </div>
   <div class='ocr_carea' id='block_1_6' title="bbox 482 1382 901 1462">
    <p class='ocr_par' dir='ltr' id='par_1_6' title="bbox 482 1382 901 1462">
     <span class='ocr_line' id='line_1_9' title="bbox 482 1382 901 1462; baseline -0.007 -17"><span class='ocrx_word' id='word_1_63' title='bbox 482 1387 666 1447; x_wconf 68' lang='lat' dir='ltr'><strong><em>mmm</em></strong></span> <span class='ocrx_word' id='word_1_64' title='bbox 687 1382 727 1462; x_wconf 91' lang='lat' dir='ltr'><strong><em>(p.</em></strong></span> <span class='ocrx_word' id='word_1_65' title='bbox 744 1383 805 1443; x_wconf 81' lang='lat'><strong><em>245</em></strong></span> <span class='ocrx_word' id='word_1_66' title='bbox 828 1382 901 1459; x_wconf 89' lang='lat' dir='ltr'><strong><em>Lor)</em></strong></span> 
     </span>
    </p>
   </div>
   <div class='ocr_carea' id='block_1_7' title="bbox 582 1516 796 1597">
    <p class='ocr_par' dir='ltr' id='par_1_7' title="bbox 582 1516 796 1597">
     <span class='ocr_line' id='line_1_10' title="bbox 582 1516 796 1597; baseline 0.005 -19"><span class='ocrx_word' id='word_1_67' title='bbox 582 1519 621 1579; x_wconf 81' lang='lat' dir='ltr'><strong><em>eo</em></strong></span> <span class='ocrx_word' id='word_1_68' title='bbox 643 1516 697 1597; x_wconf 84' lang='lat' dir='ltr'><strong><em>(oe</em></strong></span> <span class='ocrx_word' id='word_1_69' title='bbox 717 1518 796 1596; x_wconf 73' lang='lat' dir='ltr'>Ahr)</span> 
     </span>
    </p>
   </div>
   <div class='ocr_carea' id='block_1_8' title="bbox 61 1621 1319 1871">
    <p class='ocr_par' dir='ltr' id='par_1_8' title="bbox 61 1621 1319 1871">
     <span class='ocr_line' id='line_1_11' title="bbox 149 1621 1319 1707; baseline 0.008 -23"><span class='ocrx_word' id='word_1_70' title='bbox 149 1627 254 1686; x_wconf 84' lang='lat' dir='ltr'>Athen.</span> <span class='ocrx_word' id='word_1_71' title='bbox 271 1631 325 1687; x_wconf 90' lang='lat' dir='ltr'><strong><em>VH</em></strong></span> <span class='ocrx_word' id='word_1_72' title='bbox 348 1636 423 1688; x_wconf 76' lang='lat'>2860</span> <span class='ocrx_word' id='word_1_73' title='bbox 448 1627 551 1707; x_wconf 75' lang='grc' dir='ltr'><strong><em>(βάτος</em></strong></span> <span class='ocrx_word' id='word_1_74' title='bbox 575 1632 670 1706; x_wconf 79' lang='grc' dir='ltr'><strong><em>βατίς)</em></strong></span> <span class='ocrx_word' id='word_1_75' title='bbox 697 1625 734 1688; x_wconf 60' lang='lat' dir='ltr'><strong><em>&#39;a</em></strong></span> <span class='ocrx_word' id='word_1_76' title='bbox 757 1629 789 1688; x_wconf 77' lang='grc' dir='ltr'><strong><em>ἐν</em></strong></span> <span class='ocrx_word' id='word_1_77' title='bbox 808 1621 902 1704; x_wconf 77' lang='grc' dir='ltr'><strong><em>Ἥβας</em></strong></span> <span class='ocrx_word' id='word_1_78' title='bbox 925 1627 1027 1701; x_wconf 80' lang='grc' dir='ltr'><strong><em>Γᾰμωι</em></strong></span> <span class='ocrx_word' id='word_1_79' title='bbox 1050 1632 1092 1699; x_wconf 87' lang='lat' dir='ltr'><strong><em>(fr.</em></strong></span> <span class='ocrx_word' id='word_1_80' title='bbox 1112 1638 1153 1699; x_wconf 74' lang='grc'><strong><em>59)</em></strong></span> <span class='ocrx_word' id='word_1_81' title='bbox 1178 1675 1211 1690; x_wconf 88' lang='grc'><strong><em>..</em></strong></span> <span class='ocrx_word' id='word_1_82' title='bbox 1235 1633 1267 1693; x_wconf 75' lang='grc' dir='ltr'><strong><em>ἐν</em></strong></span> <span class='ocrx_word' id='word_1_83' title='bbox 1289 1636 1319 1693; x_wconf 77' lang='grc' dir='ltr'><strong><em>δὲ</em></strong></span> 
     </span>
     <span class='ocr_line' id='line_1_12' title="bbox 61 1715 1017 1871; baseline 0.004 -21"><span class='ocrx_word' id='word_1_84' title='bbox 61 1715 206 1787; x_wconf 46' lang='grc' dir='ltr'><strong><em>Μεγαρίδι</em></strong></span> <span class='ocrx_word' id='word_1_85' title='bbox 517 1785 576 1866; x_wconf 82' lang='grc' dir='ltr'><strong><em>τὰς</em></strong></span> <span class='ocrx_word' id='word_1_86' title='bbox 597 1784 738 1869; x_wconf 83' lang='grc' dir='ltr'><strong><em>πλευρὰς</em></strong></span> <span class='ocrx_word' id='word_1_87' title='bbox 759 1784 894 1871; x_wconf 81' lang='grc' dir='ltr'><strong><em>οἷόνπερ</em></strong></span> <span class='ocrx_word' id='word_1_88' title='bbox 916 1795 1017 1870; x_wconf 81' lang='grc' dir='ltr'><strong><em>βατίς,</em></strong></span> 
     </span>
    </p>
   </div>
   <div class='ocr_carea' id='block_1_9' title="bbox 164 1885 1141 2178">
    <p class='ocr_par' dir='ltr' id='par_1_9' title="bbox 164 1885 1141 2178">
     <span class='ocr_line' id='line_1_13' title="bbox 215 1885 1104 1975; baseline 0.002 -20"><span class='ocrx_word' id='word_1_89' title='bbox 215 1886 277 1955; x_wconf 80' lang='grc' dir='ltr'><strong><em>τὰν</em></strong></span> <span class='ocrx_word' id='word_1_90' title='bbox 299 1893 319 1954; x_wconf 92' lang='grc' dir='ltr'><strong><em>δ</em></strong></span> <span class='ocrx_word' id='word_1_91' title='bbox 326 1887 334 1911; x_wconf 79' lang='grc'><strong><em>’</em></strong></span> <span class='ocrx_word' id='word_1_92' title='bbox 356 1886 511 1956; x_wconf 75' lang='grc' dir='ltr'><strong><em>ὀπισθίαν</em></strong></span> <span class='ocrx_word' id='word_1_93' title='bbox 534 1890 625 1970; x_wconf 79' lang='grc' dir='ltr'><strong><em>ἔχεις,</em></strong></span> <span class='ocrx_word' id='word_1_94' title='bbox 652 1885 815 1970; x_wconf 81' lang='grc' dir='ltr'><strong><em>θεόγενες,</em></strong></span> <span class='ocrx_word' id='word_1_95' title='bbox 838 1886 973 1975; x_wconf 80' lang='grc' dir='ltr'><strong><em>οἷόνπερ</em></strong></span> <span class='ocrx_word' id='word_1_96' title='bbox 994 1888 1104 1971; x_wconf 81' lang='grc' dir='ltr'><strong><em>βάτος,</em></strong></span> 
     </span>
     <span class='ocr_line' id='line_1_14' title="bbox 164 1987 1138 2075; baseline 0.006 -21"><span class='ocrx_word' id='word_1_97' title='bbox 164 1997 167 2000; x_wconf 79' lang='grc'>’</span> <span class='ocrx_word' id='word_1_98' title='bbox 217 1987 279 2057; x_wconf 83' lang='grc' dir='ltr'><strong><em>τὰν</em></strong></span> <span class='ocrx_word' id='word_1_99' title='bbox 300 1995 334 2056; x_wconf 78' lang='grc' dir='ltr'><strong><em>δὲ</em></strong></span> <span class='ocrx_word' id='word_1_100' title='bbox 355 1989 501 2072; x_wconf 80' lang='grc' dir='ltr'><strong><em>κεφαλὰν</em></strong></span> <span class='ocrx_word' id='word_1_101' title='bbox 522 1990 646 2056; x_wconf 84' lang='grc' dir='ltr'><strong><em>ὀστέων</em></strong></span> <span class='ocrx_word' id='word_1_102' title='bbox 676 1987 809 2073; x_wconf 81' lang='grc' dir='ltr'><strong><em>οἷόνπερ</em></strong></span> <span class='ocrx_word' id='word_1_103' title='bbox 832 1993 952 2072; x_wconf 78' lang='grc' dir='ltr'><strong><em>ἔλαφος</em></strong></span> <span class='ocrx_word' id='word_1_104' title='bbox 974 1993 1016 2059; x_wconf 82' lang='grc' dir='ltr'><strong><em>ον’</em></strong></span> <span class='ocrx_word' id='word_1_105' title='bbox 1037 2002 1138 2075; x_wconf 82' lang='grc' dir='ltr'><strong><em>βατίς,</em></strong></span> 
     </span>
     <span class='ocr_line' id='line_1_15' title="bbox 217 2089 1141 2178; baseline 0.003 -20"><span class='ocrx_word' id='word_1_106' title='bbox 217 2089 279 2159; x_wconf 82' lang='grc' dir='ltr'><strong><em>τὰν</em></strong></span> <span class='ocrx_word' id='word_1_107' title='bbox 300 2097 334 2159; x_wconf 78' lang='grc' dir='ltr'><strong><em>δὲ</em></strong></span> <span class='ocrx_word' id='word_1_108' title='bbox 355 2091 506 2178; x_wconf 79' lang='grc' dir='ltr'><strong><em>λαπάραν</em></strong></span> <span class='ocrx_word' id='word_1_109' title='bbox 529 2100 687 2176; x_wconf 87' lang='grc' dir='ltr'><strong><em>σκορπίος</em></strong></span> <span class='ocrx_word' id='word_1_110' title='bbox 709 2108 785 2171; x_wconf 87' lang='grc' dir='ltr'><strong><em>παῖς</em></strong></span> <span class='ocrx_word' id='word_1_111' title='bbox 807 2092 1035 2173; x_wconf 73' lang='grc' dir='ltr'><strong><em>ἐπιθαλάττιος</em></strong></span> <span class='ocrx_word' id='word_1_112' title='bbox 1057 2105 1141 2162; x_wconf 82' lang='grc' dir='ltr'><strong><em>τεοῦ.</em></strong></span> 
     </span>
    </p>
   </div>
   <div class='ocr_carea' id='block_1_10' title="bbox 150 2218 941 2299">
    <p class='ocr_par' dir='ltr' id='par_1_10' title="bbox 150 2218 941 2299">
     <span class='ocr_line' id='line_1_16' title="bbox 150 2218 941 2299; baseline -0.001 -19"><span class='ocrx_word' id='word_1_113' title='bbox 150 2230 165 2279; x_wconf 82' lang='grc'><strong>2</strong></span> <span class='ocrx_word' id='word_1_114' title='bbox 184 2219 286 2299; x_wconf 67' lang='grc' dir='ltr'><strong><em>ἔγνωθ’</em></strong></span> <span class='ocrx_word' id='word_1_115' title='bbox 304 2218 405 2293; x_wconf 72' lang='grc' dir='ltr'><strong><em>ἀτενὲς</em></strong></span> <span class='ocrx_word' id='word_1_116' title='bbox 422 2226 465 2281; x_wconf 91' lang='lat' dir='ltr'><strong><em>A:</em></strong></span> <span class='ocrx_word' id='word_1_117' title='bbox 484 2226 589 2281; x_wconf 79' lang='lat' dir='ltr'><strong><em>correxi</em></strong></span> <span class='ocrx_word' id='word_1_118' title='bbox 658 2229 709 2279; x_wconf 80' lang='lat'><strong><em>3.4</em></strong></span> <span class='ocrx_word' id='word_1_119' title='bbox 726 2241 784 2281; x_wconf 91' lang='lat' dir='ltr'><strong><em>non</em></strong></span> <span class='ocrx_word' id='word_1_120' title='bbox 801 2224 941 2295; x_wconf 74' lang='lat' dir='ltr'>intellego.</span> 
     </span>
    </p>
   </div>
   <div class='ocr_carea' id='block_1_11' title="bbox 583 2411 799 2492">
    <p class='ocr_par' dir='ltr' id='par_1_11' title="bbox 583 2411 799 2492">
     <span class='ocr_line' id='line_1_17' title="bbox 583 2411 799 2492; baseline -0.019 -15"><span class='ocrx_word' id='word_1_121' title='bbox 583 2418 621 2477; x_wconf 90' lang='grc'><strong><em>91</em></strong></span> <span class='ocrx_word' id='word_1_122' title='bbox 645 2415 699 2492; x_wconf 89' lang='grc'><strong><em>(69</em></strong></span> <span class='ocrx_word' id='word_1_123' title='bbox 721 2411 799 2489; x_wconf 87' lang='lat' dir='ltr'>Ahr)</span> 
     </span>
    </p>
   </div>
   <div class='ocr_carea' id='block_1_12' title="bbox 59 2523 1322 2688">
    <p class='ocr_par' dir='ltr' id='par_1_12' title="bbox 59 2523 1322 2688">
     <span class='ocr_line' id='line_1_18' title="bbox 150 2523 1322 2606; baseline 0.003 -22"><span class='ocrx_word' id='word_1_124' title='bbox 150 2528 416 2599; x_wconf 70' lang='lat' dir='ltr'>Hepheeetp.13‚1</span> <span class='ocrx_word' id='word_1_125' title='bbox 435 2527 486 2604; x_wconf 77' lang='grc' dir='ltr'><strong><em>ἤδη</em></strong></span> <span class='ocrx_word' id='word_1_126' title='bbox 498 2528 598 2599; x_wconf 80' lang='grc' dir='ltr'><strong><em>μέντοι</em></strong></span> <span class='ocrx_word' id='word_1_127' title='bbox 615 2525 632 2601; x_wconf 84' lang='grc' dir='ltr'><em>ἡ</em></span> <span class='ocrx_word' id='word_1_128' title='bbox 650 2523 695 2588; x_wconf 78' lang='grc' dir='ltr'><strong><em>διὰ</em></strong></span> <span class='ocrx_word' id='word_1_129' title='bbox 714 2532 767 2587; x_wconf 88' lang='grc' dir='ltr'><strong><em>τοῦ</em></strong></span> <span class='ocrx_word' id='word_1_130' title='bbox 783 2535 822 2597; x_wconf 66' lang='grc' dir='ltr'><strong><em>λῖν</em></strong></span> <span class='ocrx_word' id='word_1_131' title='bbox 839 2525 968 2598; x_wconf 80' lang='grc' dir='ltr'><strong><em>σύνταξις</em></strong></span> <span class='ocrx_word' id='word_1_132' title='bbox 985 2529 1103 2606; x_wconf 75' lang='grc' dir='ltr'><strong><em>ἐποίησέ</em></strong></span> <span class='ocrx_word' id='word_1_133' title='bbox 1121 2552 1178 2589; x_wconf 87' lang='grc' dir='ltr'><strong><em>που</em></strong></span> <span class='ocrx_word' id='word_1_134' title='bbox 1187 2534 1236 2588; x_wconf 89' lang='grc' dir='ltr'><strong><em>καί</em></strong></span> <span class='ocrx_word' id='word_1_135' title='bbox 1247 2537 1322 2604; x_wconf 77' lang='grc' dir='ltr'><strong><em>βρα-</em></strong></span> 
     </span>
     <span class='ocr_line' id='line_1_19' title="bbox 59 2607 756 2688; baseline -0.003 -16"><span class='ocrx_word' id='word_1_136' title='bbox 59 2623 153 2687; x_wconf 86' lang='grc' dir='ltr'><strong><em>χεῖαν,</em></strong></span> <span class='ocrx_word' id='word_1_137' title='bbox 171 2609 211 2680; x_wconf 83' lang='grc' dir='ltr'><strong><em>ὡς</em></strong></span> <span class='ocrx_word' id='word_1_138' title='bbox 229 2653 236 2670; x_wconf 91' lang='grc'><strong>.</strong></span> <span class='ocrx_word' id='word_1_139' title='bbox 254 2655 261 2670; x_wconf 94' lang='grc'><strong>.</strong></span> <span class='ocrx_word' id='word_1_140' title='bbox 279 2607 353 2685; x_wconf 83' lang='grc' dir='ltr'><strong><em>παρ’</em></strong></span> <span class='ocrx_word' id='word_1_141' title='bbox 369 2608 544 2688; x_wconf 81' lang='grc' dir='ltr'><strong><em>Ἐπιχάρμωι</em></strong></span> <span class='ocrx_word' id='word_1_142' title='bbox 562 2612 595 2672; x_wconf 77' lang='grc' dir='ltr'><strong><em>ἐν</em></strong></span> <span class='ocrx_word' id='word_1_143' title='bbox 613 2615 756 2686; x_wconf 81' lang='grc' dir='ltr'><strong><em>Μεγαρίδι</em></strong></span> 
     </span>
    </p>
   </div>
   <div class='ocr_carea' id='block_1_13' title="bbox 254 2716 1142 2805">
    <p class='ocr_par' dir='ltr' id='par_1_13' title="bbox 254 2716 1142 2805">
     <span class='ocr_line' id='line_1_20' title="bbox 254 2716 1142 2805; baseline 0.002 -21"><span class='ocrx_word' id='word_1_144' title='bbox 254 2716 395 2799; x_wconf 78' lang='grc' dir='ltr'><strong><em>εόνμνος</em></strong></span> <span class='ocrx_word' id='word_1_145' title='bbox 416 2725 471 2785; x_wconf 85' lang='grc' dir='ltr'><strong><em>καί</em></strong></span> <span class='ocrx_word' id='word_1_146' title='bbox 491 2716 653 2798; x_wconf 80' lang='grc' dir='ltr'><strong><em>μουσικὰν</em></strong></span> <span class='ocrx_word' id='word_1_147' title='bbox 676 2721 793 2801; x_wconf 75' lang='grc' dir='ltr'><strong><em>ἔχουσα</em></strong></span> <span class='ocrx_word' id='word_1_148' title='bbox 815 2728 933 2802; x_wconf 87' lang='grc' dir='ltr'><strong><em>πᾶσαν,</em></strong></span> <span class='ocrx_word' id='word_1_149' title='bbox 955 2718 1142 2805; x_wconf 87' lang='grc' dir='ltr'><strong><em>φιλόλνρος.</em></strong></span> 
     </span>
    </p>
   </div>
   <div class='ocr_carea' id='block_1_14' title="bbox 61 2818 1321 2992">
    <p class='ocr_par' dir='ltr' id='par_1_14' title="bbox 61 2818 1321 2992">
     <span class='ocr_line' id='line_1_21' title="bbox 149 2818 1321 2905; baseline 0 -15"><span class='ocrx_word' id='word_1_150' title='bbox 149 2835 179 2890; x_wconf 77' lang='lat' dir='ltr'><strong><em>in</em></strong></span> <span class='ocrx_word' id='word_1_151' title='bbox 189 2833 247 2890; x_wconf 75' lang='lat' dir='ltr'><strong><em>rme</em></strong></span> <span class='ocrx_word' id='word_1_152' title='bbox 265 2818 342 2905; x_wconf 64' lang='lat' dir='ltr'>queo</span> <span class='ocrx_word' id='word_1_153' title='bbox 358 2835 466 2891; x_wconf 75' lang='lat' dir='ltr'><strong>addunt</strong></span> <span class='ocrx_word' id='word_1_154' title='bbox 482 2836 590 2891; x_wconf 78' lang='lat' dir='ltr'>oooioes</span> <span class='ocrx_word' id='word_1_155' title='bbox 603 2835 693 2902; x_wconf 83' lang='lat' dir='ltr'>(etiam</span> <span class='ocrx_word' id='word_1_156' title='bbox 705 2834 917 2901; x_wconf 72' lang='lat' dir='ltr'>Ambrosianus,</span> <span class='ocrx_word' id='word_1_157' title='bbox 935 2836 1321 2901; x_wconf 80' lang='lat' dir='ltr'>studemundAneod.1111)</span> 
     </span>
     <span class='ocr_line' id='line_1_22' title="bbox 61 2912 1021 2992; baseline -0.002 -15"><span class='ocrx_word' id='word_1_158' title='bbox 61 2912 128 2992; x_wconf 80' lang='grc' dir='ltr'><strong><em>ἧχῆι</em></strong></span> <span class='ocrx_word' id='word_1_159' title='bbox 145 2920 250 2976; x_wconf 88' lang='lat' dir='ltr'>delevit</span> <span class='ocrx_word' id='word_1_160' title='bbox 265 2919 416 2988; x_wconf 69' lang='lat' dir='ltr'>Amemus,</span> <span class='ocrx_word' id='word_1_161' title='bbox 435 2922 499 2976; x_wconf 81' lang='lat' dir='ltr'>lioet</span> <span class='ocrx_word' id='word_1_162' title='bbox 515 2921 588 2976; x_wconf 87' lang='lat' dir='ltr'>unde</span> <span class='ocrx_word' id='word_1_163' title='bbox 605 2919 750 2990; x_wconf 81' lang='lat' dir='ltr'>inrepserit</span> <span class='ocrx_word' id='word_1_164' title='bbox 766 2935 824 2974; x_wconf 88' lang='lat' dir='ltr'><strong><em>non</em></strong></span> <span class='ocrx_word' id='word_1_165' title='bbox 840 2918 921 2975; x_wconf 77' lang='lat' dir='ltr'>facile</span> <span class='ocrx_word' id='word_1_166' title='bbox 939 2921 1021 2976; x_wconf 76' lang='lat' dir='ltr'>dieas.</span> 
     </span>
    </p>
   </div>
   <div class='ocr_carea' id='block_1_15' title="bbox 585 3092 802 3172">
    <p class='ocr_par' dir='ltr' id='par_1_15' title="bbox 585 3092 802 3172">
     <span class='ocr_line' id='line_1_23' title="bbox 585 3092 802 3172; baseline -0.018 -14"><span class='ocrx_word' id='word_1_167' title='bbox 585 3097 624 3159; x_wconf 84' lang='lat'><strong><em>92</em></strong></span> <span class='ocrx_word' id='word_1_168' title='bbox 649 3095 701 3172; x_wconf 77' lang='lat'><strong><em>(70</em></strong></span> <span class='ocrx_word' id='word_1_169' title='bbox 723 3092 802 3171; x_wconf 82' lang='lat' dir='ltr'>Ahr)</span> 
     </span>
    </p>
   </div>
   <div class='ocr_carea' id='block_1_16' title="bbox 63 3199 1323 3540">
    <p class='ocr_par' dir='ltr' id='par_1_16' title="bbox 63 3199 1323 3540">
     <span class='ocr_line' id='line_1_24' title="bbox 150 3199 1321 3285; baseline 0.001 -23"><span class='ocrx_word' id='word_1_170' title='bbox 150 3207 255 3264; x_wconf 85' lang='lat' dir='ltr'>Athen.</span> <span class='ocrx_word' id='word_1_171' title='bbox 273 3207 315 3263; x_wconf 89' lang='lat' dir='ltr'><strong><em>IX</em></strong></span> <span class='ocrx_word' id='word_1_172' title='bbox 332 3212 381 3262; x_wconf 87' lang='grc'><strong><em>366</em></strong></span> <span class='ocrx_word' id='word_1_173' title='bbox 392 3208 435 3265; x_wconf 83' lang='lat' dir='ltr'><strong><em>ab</em></strong></span> <span class='ocrx_word' id='word_1_174' title='bbox 459 3205 524 3268; x_wconf 89' lang='grc' dir='ltr'><strong><em>σίδα</em></strong></span> <span class='ocrx_word' id='word_1_175' title='bbox 540 3207 597 3285; x_wconf 82' lang='grc' dir='ltr'><strong><em>γὰρ</em></strong></span> <span class='ocrx_word' id='word_1_176' title='bbox 619 3213 669 3268; x_wconf 90' lang='grc' dir='ltr'><strong><em>καί</em></strong></span> <span class='ocrx_word' id='word_1_177' title='bbox 688 3199 782 3274; x_wconf 78' lang='grc' dir='ltr'><strong><em>οότως</em></strong></span> <span class='ocrx_word' id='word_1_178' title='bbox 798 3203 957 3281; x_wconf 83' lang='grc' dir='ltr'><strong><em>λεγόμενον</em></strong></span> <span class='ocrx_word' id='word_1_179' title='bbox 977 3201 1091 3264; x_wconf 85' lang='grc' dir='ltr'><strong><em>κωλεὸν</em></strong></span> <span class='ocrx_word' id='word_1_180' title='bbox 1113 3205 1295 3281; x_wconf 74' lang='grc' dir='ltr'><strong><em>ἀρσενικῶς.</em></strong></span> <span class='ocrx_word' id='word_1_181' title='bbox 1314 3249 1321 3263; x_wconf 91' lang='grc'><strong>.</strong></span> 
     </span>
     <span class='ocr_line' id='line_1_25' title="bbox 63 3287 1322 3370; baseline 0 -20"><span class='ocrx_word' id='word_1_182' title='bbox 63 3289 101 3350; x_wconf 72' lang='lat' dir='ltr'><strong><em>’E-</em></strong></span> <span class='ocrx_word' id='word_1_183' title='bbox 120 3297 191 3365; x_wconf 82' lang='grc' dir='ltr'><strong><em>γοῦν</em></strong></span> <span class='ocrx_word' id='word_1_184' title='bbox 207 3292 240 3352; x_wconf 78' lang='grc' dir='ltr'><strong><em>ἐν</em></strong></span> <span class='ocrx_word' id='word_1_185' title='bbox 258 3295 399 3368; x_wconf 81' lang='grc' dir='ltr'><strong><em>Μεγαρίδι</em></strong></span> <span class='ocrx_word' id='word_1_186' title='bbox 417 3298 503 3369; x_wconf 83' lang='grc' dir='ltr'><strong><em>φησίν</em></strong></span> <span class='ocrx_word' id='word_1_187' title='bbox 525 3298 780 3370; x_wconf 84' lang='grc' dir='ltr'><strong><em>ορεατηρηδιον</em></strong></span> <span class='ocrx_word' id='word_1_188' title='bbox 801 3293 944 3358; x_wconf 83' lang='grc' dir='ltr'><strong><em>κωλεοί,</em></strong></span> <span class='ocrx_word' id='word_1_189' title='bbox 968 3287 1172 3364; x_wconf 81' lang='grc' dir='ltr'><strong><em>σφονδύλοι,</em></strong></span> <span class='ocrx_word' id='word_1_190' title='bbox 1196 3297 1265 3348; x_wconf 80' lang='grc' dir='ltr'><strong><em>τῶν</em></strong></span> <span class='ocrx_word' id='word_1_191' title='bbox 1288 3293 1322 3350; x_wconf 74' lang='grc' dir='ltr'><strong><em>δὲ</em></strong></span> 
     </span>
     <span class='ocr_line' id='line_1_26' title="bbox 65 3370 1323 3452; baseline -0.003 -16"><span class='ocrx_word' id='word_1_192' title='bbox 65 3370 283 3452; x_wconf 73' lang='grc' dir='ltr'><strong><em>βρωμότωνί</em></strong></span> <span class='ocrx_word' id='word_1_193' title='bbox 303 3373 383 3438; x_wconf 66' lang='lat' dir='ltr'><strong><em>olel</em></strong></span> <span class='ocrx_word' id='word_1_194' title='bbox 400 3377 444 3440; x_wconf 72' lang='grc' dir='ltr'><strong><em>ἕν.</em></strong></span> <span class='ocrx_word' id='word_1_195' title='bbox 480 3387 560 3447; x_wconf 86' lang='lat' dir='ltr'>reote,</span> <span class='ocrx_word' id='word_1_196' title='bbox 581 3387 614 3436; x_wconf 89' lang='lat' dir='ltr'><strong><em>ut</em></strong></span> <span class='ocrx_word' id='word_1_197' title='bbox 634 3379 753 3445; x_wconf 84' lang='lat' dir='ltr'><strong><em>videtur,</em></strong></span> <span class='ocrx_word' id='word_1_198' title='bbox 777 3373 849 3451; x_wconf 81' lang='grc' dir='ltr'><strong><em>ὀρύα</em></strong></span> <span class='ocrx_word' id='word_1_199' title='bbox 868 3377 923 3444; x_wconf 91' lang='lat' dir='ltr'>(vel</span> <span class='ocrx_word' id='word_1_200' title='bbox 943 3370 1044 3450; x_wconf 82' lang='grc' dir='ltr'><strong><em>ὀροὺα)</em></strong></span> <span class='ocrx_word' id='word_1_201' title='bbox 1064 3376 1252 3444; x_wconf 79' lang='lat' dir='ltr'>Caeaubonus,</span> <span class='ocrx_word' id='word_1_202' title='bbox 1274 3379 1323 3432; x_wconf 85' lang='lat' dir='ltr'><strong><em>vix</em></strong></span> 
     </span>
     <span class='ocr_line' id='line_1_27' title="bbox 64 3461 1225 3540; baseline -0.003 -20"><span class='ocrx_word' id='word_1_203' title='bbox 64 3469 139 3520; x_wconf 82' lang='lat' dir='ltr'>reete</span> <span class='ocrx_word' id='word_1_204' title='bbox 155 3463 281 3520; x_wconf 74' lang='lat' dir='ltr'>Murmur</span> <span class='ocrx_word' id='word_1_205' title='bbox 298 3467 432 3540; x_wconf 86' lang='grc' dir='ltr'><strong><em>τυρίδιον.</em></strong></span> <span class='ocrx_word' id='word_1_206' title='bbox 467 3481 518 3520; x_wconf 89' lang='lat' dir='ltr'><strong><em>neo</em></strong></span> <span class='ocrx_word' id='word_1_207' title='bbox 535 3465 672 3521; x_wconf 80' lang='lat' dir='ltr'>sententia</span> <span class='ocrx_word' id='word_1_208' title='bbox 688 3481 739 3519; x_wconf 89' lang='lat' dir='ltr'><strong><em>neo</em></strong></span> <span class='ocrx_word' id='word_1_209' title='bbox 756 3462 863 3518; x_wconf 88' lang='lat' dir='ltr'>numeri</span> <span class='ocrx_word' id='word_1_210' title='bbox 880 3461 960 3517; x_wconf 83' lang='lat' dir='ltr'>feoile</span> <span class='ocrx_word' id='word_1_211' title='bbox 977 3462 1084 3517; x_wconf 81' lang='lat' dir='ltr'><strong><em>restitui</em></strong></span> <span class='ocrx_word' id='word_1_212' title='bbox 1101 3468 1225 3530; x_wconf 58' lang='lat' dir='ltr'>possunt„</span> 
     </span>
    </p>
   </div>
   <div class='ocr_carea' id='block_1_17' title="bbox 499 3670 975 3752">
    <p class='ocr_par' dir='ltr' id='par_1_17' title="bbox 499 3670 975 3752">
     <span class='ocr_line' id='line_1_28' title="bbox 499 3670 975 3752; baseline -0.013 -15"><span class='ocrx_word' id='word_1_213' title='bbox 499 3679 650 3737; x_wconf 82' lang='grc' dir='ltr'><em>ΜΗΝΕΣ</em></span> <span class='ocrx_word' id='word_1_214' title='bbox 671 3674 711 3752; x_wconf 76' lang='lat' dir='ltr'><strong><em>(p.</em></strong></span> <span class='ocrx_word' id='word_1_215' title='bbox 727 3673 789 3734; x_wconf 86' lang='grc'><strong><em>246</em></strong></span> <span class='ocrx_word' id='word_1_216' title='bbox 812 3670 884 3748; x_wconf 89' lang='lat' dir='ltr'><strong><em>Lor)</em></strong></span> <span class='ocrx_word' id='word_1_217' title='bbox 973 3739 975 3743; x_wconf 64' lang='lat'>,</span> 
     </span>
    </p>
   </div>
   <div class='ocr_carea' id='block_1_18' title="bbox 676 3810 716 3869">
    <p class='ocr_par' dir='ltr' id='par_1_18' title="bbox 676 3810 716 3869">
     <span class='ocr_line' id='line_1_29' title="bbox 676 3810 716 3869; baseline -0.025 0"><span class='ocrx_word' id='word_1_218' title='bbox 676 3810 716 3869; x_wconf 89' lang='grc'><strong><em>93</em></strong></span> 
     </span>
    </p>
   </div>
   <div class='ocr_carea' id='block_1_19' title="bbox 67 3907 1324 4080">
    <p class='ocr_par' dir='ltr' id='par_1_19' title="bbox 67 3907 1324 4080">
     <span class='ocr_line' id='line_1_30' title="bbox 153 3907 1324 3993; baseline -0.004 -18"><span class='ocrx_word' id='word_1_219' title='bbox 153 3920 273 3993; x_wconf 81' lang='lat' dir='ltr'>Heeyoh.</span> <span class='ocrx_word' id='word_1_220' title='bbox 290 3916 601 3993; x_wconf 82' lang='grc' dir='ltr'><strong><em>σκνφοκιόνακτος·</em></strong></span> <span class='ocrx_word' id='word_1_221' title='bbox 619 3914 655 3978; x_wconf 77' lang='grc' dir='ltr'><strong><em>Έ.</em></strong></span> <span class='ocrx_word' id='word_1_222' title='bbox 672 3919 705 3978; x_wconf 77' lang='grc' dir='ltr'><strong><em>ἐν</em></strong></span> <span class='ocrx_word' id='word_1_223' title='bbox 722 3929 784 3986; x_wconf 86' lang='grc' dir='ltr'><strong><em>τοῖς</em></strong></span> <span class='ocrx_word' id='word_1_224' title='bbox 798 3921 889 3992; x_wconf 88' lang='grc' dir='ltr'><strong><em>Μησί,</em></strong></span> <span class='ocrx_word' id='word_1_225' title='bbox 906 3926 968 3984; x_wconf 87' lang='grc' dir='ltr'><strong><em>τοῖς</em></strong></span> <span class='ocrx_word' id='word_1_226' title='bbox 983 3907 1103 3989; x_wconf 85' lang='grc' dir='ltr'><strong><em>σκόφοις</em></strong></span> <span class='ocrx_word' id='word_1_227' title='bbox 1120 3911 1324 3990; x_wconf 85' lang='grc' dir='ltr'><strong><em>περιφόρητος.</em></strong></span> 
     </span>
     <span class='ocr_line' id='line_1_31' title="bbox 67 4005 456 4080; baseline 0.005 -19"><span class='ocrx_word' id='word_1_228' title='bbox 67 4005 104 4061; x_wconf 88' lang='lat' dir='ltr'><strong><em>of.</em></strong></span> <span class='ocrx_word' id='word_1_229' title='bbox 122 4022 144 4061; x_wconf 85' lang='lat' dir='ltr'><strong><em>e.</em></strong></span> <span class='ocrx_word' id='word_1_230' title='bbox 160 4011 272 4065; x_wconf 77' lang='grc' dir='ltr'><strong><em>κωνᾶν·</em></strong></span> <span class='ocrx_word' id='word_1_231' title='bbox 294 4013 456 4080; x_wconf 86' lang='grc' dir='ltr'><strong><em>περιδινεῖν.</em></strong></span> 
     </span>
    </p>
   </div>
   <div class='ocr_carea' id='block_1_20' title="bbox 676 4163 717 4224">
    <p class='ocr_par' dir='ltr' id='par_1_20' title="bbox 676 4163 717 4224">
     <span class='ocr_line' id='line_1_32' title="bbox 676 4163 717 4224; baseline 0 0"><span class='ocrx_word' id='word_1_232' title='bbox 676 4163 717 4224; x_wconf 85' lang='grc'><strong><em>94</em></strong></span> 
     </span>
    </p>
   </div>
   <div class='ocr_carea' id='block_1_21' title="bbox 69 4268 1326 4505">
    <p class='ocr_par' dir='ltr' id='par_1_21' title="bbox 69 4268 1326 4505">
     <span class='ocr_line' id='line_1_33' title="bbox 155 4268 1325 4354; baseline -0.003 -21"><span class='ocrx_word' id='word_1_233' title='bbox 155 4278 275 4352; x_wconf 76' lang='lat' dir='ltr'>Hesych.</span> <span class='ocrx_word' id='word_1_234' title='bbox 297 4280 539 4354; x_wconf 81' lang='grc' dir='ltr'><strong><em>σκωρνυφίαν’</em></strong></span> <span class='ocrx_word' id='word_1_235' title='bbox 564 4273 599 4335; x_wconf 83' lang='grc' dir='ltr'><strong><em>τὸ</em></strong></span> <span class='ocrx_word' id='word_1_236' title='bbox 623 4272 793 4333; x_wconf 80' lang='grc' dir='ltr'><strong><em>σκάνδαλον.</em></strong></span> <span class='ocrx_word' id='word_1_237' title='bbox 829 4268 1032 4346; x_wconf 78' lang='grc' dir='ltr'><strong><em>(Ἐπίχαρμος)</em></strong></span> <span class='ocrx_word' id='word_1_238' title='bbox 1053 4269 1085 4330; x_wconf 76' lang='grc' dir='ltr'><strong><em>ἐν</em></strong></span> <span class='ocrx_word' id='word_1_239' title='bbox 1109 4273 1214 4344; x_wconf 87' lang='grc' dir='ltr'><strong><em>Μησίν,</em></strong></span> <span class='ocrx_word' id='word_1_240' title='bbox 1240 4274 1272 4330; x_wconf 77' lang='grc' dir='ltr'><strong><em>ἐν</em></strong></span> <span class='ocrx_word' id='word_1_241' title='bbox 1295 4273 1325 4330; x_wconf 72' lang='grc' dir='ltr'><strong><em>δὲ</em></strong></span> 
     </span>
     <span class='ocr_line' id='line_1_34' title="bbox 71 4353 1326 4436; baseline -0.004 -17"><span class='ocrx_word' id='word_1_242' title='bbox 71 4360 230 4436; x_wconf 82' lang='grc' dir='ltr'><strong><em>Τριακόσιν</em></strong></span> <span class='ocrx_word' id='word_1_243' title='bbox 246 4359 283 4423; x_wconf 82' lang='grc' dir='ltr'><strong><em>τὰ</em></strong></span> <span class='ocrx_word' id='word_1_244' title='bbox 303 4359 408 4436; x_wconf 79' lang='grc' dir='ltr'><strong><em>δοιοίδη</em></strong></span> <span class='ocrx_word' id='word_1_245' title='bbox 423 4363 505 4436; x_wconf 81' lang='grc' dir='ltr'><strong><em>χρέα.</em></strong></span> <span class='ocrx_word' id='word_1_246' title='bbox 539 4380 597 4419; x_wconf 88' lang='lat' dir='ltr'><strong><em>non</em></strong></span> <span class='ocrx_word' id='word_1_247' title='bbox 614 4361 746 4430; x_wconf 81' lang='lat' dir='ltr'>intellego</span> <span class='ocrx_word' id='word_1_248' title='bbox 764 4358 884 4430; x_wconf 75' lang='lat' dir='ltr'>glossam</span> <span class='ocrx_word' id='word_1_249' title='bbox 902 4357 974 4413; x_wconf 85' lang='lat' dir='ltr'>inter</span> <span class='ocrx_word' id='word_1_250' title='bbox 991 4353 1151 4427; x_wconf 82' lang='grc' dir='ltr'><strong><em>σκώμματα</em></strong></span> <span class='ocrx_word' id='word_1_251' title='bbox 1169 4364 1198 4413; x_wconf 90' lang='lat' dir='ltr'><strong><em>et</em></strong></span> <span class='ocrx_word' id='word_1_252' title='bbox 1213 4360 1326 4423; x_wconf 82' lang='grc' dir='ltr'><strong><em>σκῶπες</em></strong></span> 
     </span>
     <span class='ocr_line' id='line_1_35' title="bbox 69 4445 487 4505; baseline 0 -3"><span class='ocrx_word' id='word_1_253' title='bbox 69 4445 249 4504; x_wconf 69' lang='grc' dir='ltr'><strong><em>οοαίοονλυω</em></strong></span> <span class='ocrx_word' id='word_1_254' title='bbox 283 4465 311 4504; x_wconf 85' lang='lat' dir='ltr'><strong><em>v.</em></strong></span> <span class='ocrx_word' id='word_1_255' title='bbox 329 4449 366 4505; x_wconf 82' lang='grc' dir='ltr'><strong><em>αδ</em></strong></span> <span class='ocrx_word' id='word_1_256' title='bbox 382 4447 416 4503; x_wconf 85' lang='lat' dir='ltr'><strong><em>fr.</em></strong></span> <span class='ocrx_word' id='word_1_257' title='bbox 429 4452 487 4503; x_wconf 79' lang='lat'><strong>129.</strong></span> 
     </span>
    </p>
   </div>
   <div class='ocr_carea' id='block_1_22' title="bbox 0 0 1597 5018">
    <p class='ocr_par' dir='ltr' id='par_1_22' title="bbox 0 0 1597 5018">
     <span class='ocr_line' id='line_1_36' title="bbox 0 0 1597 5018; baseline 0 0"><span class='ocrx_word' id='word_1_258' title='bbox 0 0 1597 5018; x_wconf 95' lang='lat' dir='ltr'><strong><em> </em></strong></span> 
     </span>
    </p>
   </div>
  </div>
 </body>
</html>
