3150 5018
227 268 269 327 64
654 269 701 319 DE
720 269 1056 321 conomannicae

226 450 360 522 gestae
380 460 400 501 a
421 439 573 501 ciuibus
601 440 702 519 palam
723 461 792 501 cum
812 460 914 502 eorum
936 459 1024 518 saepe
1046 439 1098 520 qui
1117 447 1271 518 gesserant
1295 438 1421 500 nomine
1442 436 1493 498 de·

227 543 440 616 cantabantur;
462 542 550 623 idque
571 544 668 620 ipsum
690 563 745 604 suo
766 551 896 621 tompore
917 541 1047 604 moribus
1070 539 1197 601 multum
1218 540 1331 617 profuit
1351 539 1491 613 cirritatis,

227 667 295 708 oum
316 645 523 726 unusquisque
543 653 661 707 caueret
681 643 815 722 culpam,
844 664 883 704 ne
904 642 1074 721 spectaculo
1095 643 1198 705 ceteris
1219 642 1366 704 extitisset
1385 651 1418 704 et
1439 640 1493 704 do·

227 746 346 809 mastico
367 746 484 827 probro.
527 746 579 808 sed
604 767 673 808 cum
694 755 798 827 poetae
823 745 960 808 licentius
987 745 1070 807 abuti
1091 743 1160 806 stilo
1187 753 1218 805 et
1238 744 1349 825 passim
1370 743 1490 806 laedere
1502 754 1527 802 05

227 871 266 911 ex
286 848 407 911 libidine
427 848 596 929 coepissent
616 847 717 929 plures
738 847 842 920 bonos,
864 847 1080 928 nequisquam
1101 847 1133 908 in
1154 845 1280 908 altarum
1301 867 1424 908 emman
1446 845 1492 907 in·

188 959 207 1018 5
229 950 308 1012 fame
329 959 519 1029 componeret
538 949 600 1011 lata
619 949 685 1030 lege
706 949 821 1012 siluere.
896 958 927 1011 et
939 949 1010 1010 hinc
1031 948 1137 1011 deinde
1159 948 1242 1012 aliud
1254 969 1352 1029 genus
1367 947 1492 1010 fabulae

226 1052 258 1114 id
278 1061 325 1114 est
346 1062 477 1133 satyra
498 1051 625 1130 sumpsit
645 1050 806 1126 exordium,
828 1071 905 1132 qnae
918 1072 938 1113 a
952 1052 1067 1133 satyris,
1089 1071 1165 1132 quos
1179 1052 1211 1112 in
1225 1052 1295 1113 iocis
1317 1071 1437 1129 semper
1457 1071 1506 1140 ac

227 1154 401 1233 petulantiis
429 1153 500 1216 deos
528 1153 636 1215 scimus
664 1173 742 1228 osse,
776 1152 905 1214 uocitata
932 1162 992 1215 est:
1025 1155 1081 1216 etsi
1107 1152 1175 1237 <alii
1198 1149 1341 1236 ductum>
1367 1153 1492 1216 aliunde

228 1278 338 1320 nomen
358 1276 450 1336 praue
470 1264 588 1334 putant
629 1255 703 1317 haec
725 1265 826 1336 satyra
846 1255 935 1335 igitur
955 1255 1097 1318 eiusmodi
1116 1256 1181 1330 fuit,
1204 1265 1239 1317 ut
1252 1257 1284 1317 in
1299 1275 1335 1316 ea
1349 1255 1526 1341 quamuistt

228 1359 303 1421 duro
332 1369 361 1420 et
388 1358 473 1420 uelut
499 1357 606 1438 agresti
627 1357 690 1419 ioco
718 1356 755 1419 de
775 1357 853 1419 uitiis
874 1359 984 1420 ciuium
1009 1367 1109 1419 tamen
1131 1358 1196 1419 sine
1217 1357 1283 1420 ullo
1304 1357 1417 1437 proprii
1439 1376 1493 1418 no·

229 1461 315 1521 minis
347 1459 434 1522 titulo
466 1480 586 1521 carmen
618 1469 703 1523 esset
746 1459 828 1540 quod
855 1461 925 1521 item
951 1480 1047 1540 genus
1075 1459 1241 1522 comoediae
1269 1458 1373 1522 multis
1401 1458 1493 1521 offuit

228 1563 336 1643 poetis,
365 1582 434 1623 oum
459 1563 493 1622 in
514 1561 710 1639 suspicionem
736 1560 908 1640 potentibus
936 1562 1048 1623 ciuium
1068 1562 1235 1634 uenissent,
1264 1560 1386 1623 illorum
1412 1559 1493 1622 iacta

228 1664 416 1742 descripsisse
443 1664 476 1724 in
496 1664 580 1742 peius
602 1684 636 1725 ac
657 1663 839 1726 deformasse
866 1685 961 1744 genus
991 1662 1059 1725 stilo
1080 1664 1227 1726 carminis.
1272 1662 1354 1743 quod
1376 1663 1492 1741 primus

229 1766 363 1828 Lucilius
385 1785 465 1828 nouo
486 1766 661 1844 conscripsit
681 1766 777 1841 modo,
799 1775 834 1827 ut
854 1766 958 1845 poesin
980 1765 1049 1826 inde
1070 1764 1197 1840 fecisset,
1220 1765 1249 1826 id
1264 1773 1311 1827 est
1323 1765 1417 1827 unius
1431 1778 1529 1828 car-tt

189 1869 316 1932 6minis
347 1867 492 1946 plurimos
520 1867 620 1931 libros.
705 1867 762 1929 hoc
789 1867 877 1948 igitur
905 1866 986 1947 quod
1015 1887 1106 1944 supra
1133 1867 1262 1929 diximus
1289 1866 1371 1930 melo
1399 1868 1494 1929 coacti

228 1971 362 2033 omittere
390 1978 519 2051 satyram
548 1969 630 2031 aliud
657 1990 752 2050 genus
779 1969 916 2030 carminis
950 1970 1048 2033 νέαν
1075 1974 1327 2049 succidiae,
1361 1969 1421 2031 hoc
1448 1979 1495 2030 ost

229 2092 341 2134 nouam
361 2070 554 2145 comoediam,
575 2091 728 2149 repperere
749 2080 864 2150 poetae,
885 2091 962 2152 quae
976 2081 1151 2152 argumento
1172 2071 1326 2133 communi
1346 2071 1443 2152 magis
1465 2081 1495 2132 et

228 2172 403 2253 generaliter
423 2172 463 2233 ad
485 2192 588 2234 omues
609 2172 744 2234 homines
771 2173 824 2253 qui
844 2172 1038 2234 mediocribus
1066 2173 1193 2236 fortunis
1215 2183 1311 2255 agunt
1331 2173 1495 2252 pertineret

228 2286 258 2337 et
279 2275 377 2337 minus
399 2275 601 2337 amaritudinis
624 2275 837 2353 spectatoribus
858 2284 888 2336 et
902 2274 1004 2336 cadem
1025 2295 1116 2354 opera
1136 2275 1265 2336 multum
1285 2275 1494 2339 delectationis
1504 2289 1532 2338 00

230 2377 354 2450 afferret,
376 2377 524 2440 concinna
538 2386 721 2458 argumento,
743 2375 949 2439 consuetudini
963 2397 1104 2456 congrua,
1126 2377 1207 2440 utilis
1222 2378 1386 2452 sententiis,
1407 2386 1495 2459 grata

192 2483 209 2542 7
233 2479 355 2554 salibus,
376 2489 448 2557 apta
461 2488 561 2543 metro.
639 2479 774 2559 utigitur
795 2479 958 2556 superiores
978 2477 1049 2540 illae
1071 2480 1133 2543 suis
1148 2501 1282 2562 quaeque
1302 2478 1496 2543 celebrantur

232 2581 414 2654 auctoribus,
444 2582 485 2642 ita
505 2581 579 2643 haec
607 2583 663 2645 νέα
685 2585 850 2657 uecordia
878 2601 946 2642 cum
968 2580 1130 2642 multorum
1151 2589 1222 2641 ante
1243 2600 1279 2642 ac
1299 2591 1407 2660 postea
1428 2592 1495 2645 tum

231 2683 387 2762 praecipue
414 2683 618 2745 Menandri
645 2683 881 2763 Terentique
908 2692 962 2746 est
1005 2682 1043 2744 de
1063 2703 1124 2763 qua
1152 2703 1221 2744 cum
1242 2683 1339 2763 multa
1365 2684 1496 2748 dicenda

232 2786 300 2860 sint,
323 2794 369 2846 sat
389 2786 443 2847 erit
464 2794 564 2847 tamen
584 2784 669 2847 uelut
689 2784 870 2847 admonendi
891 2785 1008 2847 lectoris
1030 2805 1122 2847 causa
1141 2785 1224 2866 quod
1244 2785 1282 2847 de
1303 2796 1367 2848 arte
1383 2788 1537 2852 comicati

232 2889 263 2948 in
284 2896 417 2949 ueterum
438 2888 525 2950 cartis
547 2888 689 2949 retinetur
709 2907 866 2965 exponere.

157 2989 209 3052 ΠΙ
315 2988 474 3051 Comoedia
505 2997 591 3051 uetus
623 2989 662 3052 ab
694 2989 776 3051 initio
805 2990 945 3052 chorus
977 2989 1036 3050 fuit
1061 2987 1265 3070 paulatimque
1296 3009 1496 3068 personarum

233 3111 355 3152 numero
376 3091 408 3151 in
431 3091 562 3172 quinque
583 3101 668 3153 actim
689 3093 843 3169 processit3
874 3093 917 3153 ita
937 3090 1082 3172 paulatim
1104 3090 1188 3153 uelut
1209 3092 1309 3153 attrito
1330 3101 1423 3173 atque
1444 3115 1497 3157 ox·

231 3201 353 3254 tenuato
380 3192 471 3254 choro
498 3193 538 3254 ad
565 3213 676 3255 nouam
703 3194 882 3255 comoediam
909 3194 951 3256 sic
972 3194 1120 3276 pemanit,
1148 3195 1234 3255 utin
1256 3214 1293 3256 ca
1317 3214 1382 3256 non
1405 3196 1496 3260 modo

231 3315 295 3356 non
316 3293 474 3355 inducatur
494 3294 601 3357 chorus
623 3294 676 3356 sed
697 3316 735 3356 ne
756 3294 840 3357 locus
863 3296 982 3377 quidem
1002 3295 1085 3358 ullus
1106 3296 1165 3357 iam
1187 3295 1373 3378 relinquatur
1394 3297 1498 3363 choro.
1511 3313 1539 3364 80

317 3583 350 3633 58
372 3581 399 3631 id
416 3582 486 3644 quod
503 3582 561 3646 ipsa
580 3579 632 3634 07
697 3581 846 3634 ciuitatibus
862 3579 957 3635 AOV¹
1034 3585 1068 3635 54
1091 3584 1219 3634 extitisset
1236 3581 1271 3650 cf.
1288 3599 1315 3637 v.
1334 3584 1373 3637 65
1387 3587 1495 3638 ieoiuet

284 3669 317 3718 56
339 3681 466 3729 nequam
483 3663 510 3717 A
594 3669 691 3718 crimen
777 3671 819 3720 56.
833 3671 865 3721 07
888 3669 1030 3733 ininmi(a)e
1047 3674 1154 3732 poneret
1178 3666 1231 3723 07
1307 3673 1340 3723 07
1364 3672 1420 3721 lata
1436 3673 1494 3736 lege

232 3753 328 3803 siluere
349 3748 385 3818 cf.
402 3747 506 3803 Horati
528 3753 581 3804 art.
601 3767 630 3820 p.
648 3752 709 3805 283
795 3756 837 3805 58.
852 3756 885 3805 60
908 3755 987 3804 satira
1008 3753 1035 3805 et
1052 3754 1137 3804 satiris
1157 3752 1186 3817 0,
1213 3758 1247 3808 67
1265 3756 1371 3806 satiram
1388 3753 1444 3808 AC
1518 3816 1523 3824 '

233 3834 422 3898 aeleaticis,
449 3837 520 3888 uocis
536 3835 564 3890 A
630 3842 663 3891 te
681 3840 827 3902 petulantes
888 3838 1019 3902 torgitur
1035 3835 1074 3889 A:
1101 3840 1198 3890 dicitnr
1218 3837 1270 3893 07
1322 3843 1432 3893 610000
1448 3841 1494 3894 A:

231 3924 308 3972 modo
328 3919 380 3974 07
433 3925 582 3975 canutus
598 3921 625 3975 A
682 3925 715 3975 63
733 3923 836 3974 ciuibus
855 3920 907 3976 07
954 3926 989 3976 64
1006 3925 1168 3987 rescripsisse
1187 3921 1240 3977 07
1286 3926 1372 3989 primo
1391 3923 1447 3979 07

232 4010 265 4060 67
281 4021 380 4074 praeca
396 4021 449 4060 om.
466 4004 497 4059 in
515 4006 564 4061 lac.
584 4006 637 4062 07
689 4012 722 4062 68
740 4009 869 4073 reperiere
886 4009 1047 4076 mutatui
1067 4006 1093 4073 0,
1122 4011 1298 4074 reperirentur
1314 4008 1340 4061 A
1392 4013 1428 4064 69
1446 4013 1494 4076 qui

233 4106 285 4145 om.
306 4089 371 4144 07ι
421 4095 567 4157 pertinetur
583 4092 610 4146 A
680 4097 713 4147 70
730 4096 817 4145 inultu
833 4092 860 4146 A
918 4094 1064 4145 dilectionis
1084 4090 1136 4146 07
1202 4097 1232 4148 71
1252 4097 1396 4147 contentius
1413 4096 1442 4148 A

234 4180 265 4229 72
282 4177 364 4242 igitur
381 4176 421 4229 A:
447 4178 544 4229 dicitur
563 4176 616 4232 07
667 4180 864 4230 celebrabantur
883 4175 935 4232 07
995 4181 1028 4232 73
1044 4182 1123 4232 0οΑΝ
1144 4181 1314 4233 tonantia
1330 4177 1370 4246 A,
1390 4195 1445 4234 om.
1462 4180 1495 4235 in

233 4259 282 4313 lac.
303 4258 355 4314 07
402 4264 450 4314 hac
520 4268 552 4318 76
569 4266 597 4314 in
615 4278 667 4316 om.
687 4260 740 4316 07
804 4265 887 4316 carnis
904 4262 931 4315 A
1000 4265 1145 4316 retinentur
1162 4263 1201 4327 A,
1228 4266 1356 4317 rimentur
1376 4263 1405 4330 0,
1433 4283 1494 4319 con-

232 4348 331 4395 tinetur
348 4343 379 4398 in
395 4362 451 4400 raa.
474 4345 514 4401 72
601 4352 702 4402 77-78
719 4364 888 4413 personarum
905 4350 1083 4414 —paulatim
1101 4365 1153 4402 om.
1170 4348 1197 4402 A
1267 4354 1298 4404 78
1316 4351 1396 4402 atrito
1413 4350 1443 4405 A

217 4434 267 4483 ,80
284 4433 355 4482 iocus
372 4430 398 4483 A
