3150 5018
152 281 192 336 VI
671 279 887 336 PRAEFATIO

152 464 252 517 utrum
278 455 391 536 integra
420 455 551 516 emmina
578 454 648 516 edas
674 475 715 516 an
741 454 846 515 mutila
872 454 921 518 vel
950 453 1084 534 singulos
1113 455 1137 515 si
1159 454 1235 518 forte
1257 459 1406 537 supersint

153 587 256 629 versus
278 566 434 647 singulare
453 565 613 640 vocabula,
637 575 755 627 secutus
777 565 934 644 probatum
948 565 1221 628 Alexandrinorum
1242 569 1408 648 grammati-

152 698 253 739 corum
281 677 449 755 exemplum
478 677 576 738 addidi
603 676 746 758 quidquid
774 686 905 740 veterum
933 676 1107 738 testimoniis
1137 678 1199 741 sive
1224 678 1261 740 de
1287 678 1408 740 historia

152 787 317 850 comoediae
338 788 554 869 generibusque
575 789 636 850 eius
658 788 720 851 sive
740 787 777 849 de
791 797 944 865 poetarum
966 789 1026 851 vita
1041 788 1170 849 moribus
1192 799 1254 851 arte
1268 789 1408 850 traditum

152 919 345 977 reppereram.
383 899 420 961 de
442 899 592 961 comoedia
615 919 689 980 quae
711 884 827 961 serdata
849 908 921 960 sunt
942 900 1149 962 commentaria
1171 900 1243 962 satis
1264 900 1360 961 multa
1380 908 1409 960 et

153 1009 255 1089 ampla
283 1010 315 1071 in
343 1011 407 1089 ipso
436 1011 531 1088 operis
559 1008 660 1070 limine
688 1008 812 1071 collecta
839 1011 981 1087 proposui
1011 1011 1073 1074 sive
1100 1030 1202 1092 graece
1234 1031 1288 1072 seu
1316 1010 1408 1072 latine

153 1122 272 1202 scripta,
294 1121 413 1183 adiutus
434 1104 610 1183 annarcr
623 1121 728 1184 Kvnu
746 1130 776 1182 et
790 1120 941 1183 Cornum
956 1122 1092 1182 Znonna
1113 1131 1250 1201 prompto
1272 1141 1307 1182 ac
1322 1120 1409 1183 bene

154 1233 224 1297 volo
252 1233 357 1308 studio,
386 1233 511 1294 maxime
539 1253 610 1296 vero
637 1233 813 1294 Famnmor
834 1232 905 1293 Lno
934 1242 1066 1312 spectata
1093 1232 1229 1308 amicitia,
1258 1233 1310 1314 qui
1338 1232 1409 1293 Dio-

154 1344 245 1406 medis
273 1344 387 1405 Donati
415 1343 560 1405 Euanthii
585 1353 728 1406 tractatus
756 1344 819 1420 ipse
847 1344 975 1423 suscepit
1004 1343 1209 1407 recensendos.
1252 1343 1409 1405 molestum

156 1476 228 1516 sane
257 1464 320 1516 erat
346 1455 469 1517 Ioannis
491 1456 614 1516 Tzetzae
642 1455 710 1516 stilo
739 1454 855 1535 loquaci
883 1463 1000 1516 tantum
1024 1454 1183 1516 concedere
1204 1454 1329 1530 chartae,
1358 1454 1410 1515 sed

156 1567 218 1628 fieri
238 1587 302 1627 non
324 1567 421 1644 potuit
441 1566 516 1647 quin
537 1568 651 1646 integra
672 1566 734 1627 eius
756 1564 848 1629 verba
869 1565 1076 1646 perscriberem
1099 1566 1194 1628 bonae
1220 1576 1249 1627 et
1271 1567 1410 1646 antiquae

156 1678 306 1739 doctrinae
327 1675 481 1757 gemmulis
504 1675 694 1737 multifariam
712 1676 859 1739 distincta.
895 1677 1048 1740 additurus
1063 1698 1143 1739 eram
1158 1678 1278 1755 insuper
1291 1677 1410 1738 tabulas

157 1787 349 1850 didascalicae
364 1786 436 1850 OIA
451 1787 486 1849 Π
502 1791 561 1850 971
571 1808 614 1868 sq.
629 1787 756 1869 itemque
770 1798 924 1866 poetarum
938 1788 1095 1851 laterculos
1111 1787 1184 1851 OIA
1199 1789 1233 1850 H
1249 1793 1320 1864 977,
1335 1808 1410 1869 quos

158 1898 252 1960 multo
279 1898 426 1977 pleniores
453 1919 472 1960 a
499 1919 531 1960 se
558 1898 718 1977 descriptos
740 1899 872 1962 Adolius
894 1900 1038 1963 Wilhelm
1067 1899 1180 1962 dudum
1207 1921 1239 1961 se
1264 1899 1409 1960 editurum

158 2011 337 2090 promiserat
380 2008 461 2090 quod
493 2010 627 2072 nondum
658 2010 770 2072 factum
802 2031 982 2093 quamquam
1014 2010 1108 2084 doleo,
1141 2020 1241 2071 tamen
1274 2031 1341 2071 cum
1373 2010 1411 2070 ad

158 2122 276 2183 atticam
291 2119 471 2183 comoediam
491 2121 543 2182 illa
563 2123 737 2199 pertineant,
760 2143 823 2184 non
845 2123 932 2184 nimis
954 2143 1039 2203 aegre
1060 2122 1090 2182 in
1108 2120 1165 2183 boo
1180 2121 1297 2202 quidem
1318 2122 1412 2202 primo

158 2231 300 2294 fasciculo
322 2230 575 2294 desiderabuntur.
618 2232 743 2294 alterum
764 2232 862 2294 adhuc
885 2254 952 2312 spes
974 2242 1018 2294 est
1038 2233 1210 2314 gravissimo
1232 2231 1284 2293 illo
1306 2233 1413 2293 instru-

159 2352 258 2406 mento
280 2363 343 2405 non
364 2343 523 2404 cariturum
544 2364 615 2406 esse.

244 2463 378 2532 superest
404 2463 438 2516 ut
464 2459 574 2535 gratias
602 2476 688 2537 agam
715 2455 757 2517 eis
784 2456 835 2538 qui
856 2475 947 2536 opera
967 2475 1022 2517 sua
1043 2453 1197 2517 consilium
1219 2453 1268 2517 vel
1289 2452 1413 2515 consilio

160 2585 278 2646 operam
305 2585 400 2626 meam
428 2566 614 2629 adiuverunt.
658 2576 773 2649 praeter
800 2566 868 2628 illos
896 2587 972 2647 quos
998 2574 1087 2627 antea
1118 2566 1271 2628 nominavi
1296 2565 1413 2626 doctam

160 2685 299 2754 expertus
327 2697 393 2737 sum
421 2677 590 2740 Gwnennr
618 2678 767 2741 Serrvnzn
795 2676 1022 2737 Mnxrurnrnur
1043 2678 1243 2740 Wnnnnnnn
1269 2676 1414 2739 Gnoson

161 2787 327 2850 Wnnrznn
348 2788 381 2848 in
402 2788 577 2850 adornando
598 2789 741 2870 glossario
764 2808 863 2869 opem,
889 2788 1058 2850 chflnnnr
1072 2790 1311 2850 Rnrrznusrnm
1333 2787 1414 2847 inex-

160 2898 297 2960 haustam
318 2899 350 2960 in
365 2899 562 2981 Etymologioi
584 2900 630 2962 sui
644 2900 735 2980 copiis
755 2900 914 2982 largiendis
929 2899 1140 2974 liberalitatem,
1163 2900 1290 2980 denique
1304 2898 1414 2960 Wins-

161 3028 312 3074 nowrrzn
333 3010 513 3074 utbreviter
534 3012 629 3074 dicam
651 3011 805 3074 adomnia
827 3011 924 3075 officia
945 3013 1053 3089 pariter
1073 3019 1206 3091 paratam
1222 3010 1414 3073 voluntatem.

204 3167 399 3230 Gorrmenn
420 3182 496 3229 nnn.
511 3184 584 3229 nnc.
600 3182 630 3229 Δ.
645 3184 678 3228 Η.
693 3183 717 3228 s.
732 3181 776 3226 110
