3150 5018
527 269 719 325 summor
735 271 889 325 mlum
1274 273 1335 333 105

165 437 321 494 Eustratius
337 439 375 495 ad
385 438 504 495 Aristar„
516 438 580 494 Eth.
591 438 697 495 Νίσαια.
708 439 751 494 ΠΙ
769 443 794 506 5,
805 444 822 494 4
840 440 882 496 ed.
895 439 996 511 Heylb.
1014 442 1157 513 παροιμία
1173 437 1231 515 γὰρ
1249 447 1336 500 τοῦτο

82 523 110 589 (ἰ.
121 539 145 579 ο.
164 519 257 589 οὐδεὶς
275 517 349 580 ἑκὼν
366 518 494 598 πονηρὸς
512 516 574 581 οὐδ’
595 519 675 580 οἴκων
691 519 808 597 μάκαρ),
829 513 858 596 ἧι
875 527 924 581 καί
938 519 975 582 Ἐ.
989 520 1005 583 ὃ
1019 521 1220 600 Συρακούσιος
1234 531 1339 600 χρῆται

80 607 113 665 ἐν
132 601 176 674 οἷς
193 625 279 681 φησιν
292 600 376 666 ’άλλά
390 647 415 662 ..
428 602 527 680 ἔχω’.
561 605 594 666 ἐν
606 603 741 679 Ἡρακλεῖ
756 608 787 667 δὲ
803 613 895 666 ταῦτα
913 613 965 667 τῶι
982 607 1061 683 παρά
1081 608 1180 669 Φόλωι
1196 620 1297 670 κεῖται.

169 697 183 751 1
202 687 359 766 άναχκαῖαε
378 707 446 749 corr.
464 693 536 762 Ahr‚
553 693 618 749 fort.
636 687 712 767 ἐμόν
729 688 758 767 γ’
778 688 910 766 άνάγκαι.
1334 709 1335 712 ’

515 873 671 933 emm
688 867 729 949 (p.
744 868 807 928 τιν
828 866 902 946 τοι)

597 1005 638 1066 το
661 1005 715 1082 (58
736 1000 815 1079 ιιι)

276 1117 425 1202 κιθάραν,
448 1126 611 1204 τρίποδες,
634 1117 776 1203 άρμυτα,
798 1116 953 1203 τράπεζαι
972 1118 1111 1204 χάλκιαι,

273 1218 455 1305 χειρόνιβα,
484 1218 651 1303 λοιβάσια,
679 1225 808 1305 λέβητες
826 1219 967 1304 χάλκιοι,

277 1330 447 1406 κρατῆρες,
478 1322 586 1390 ὀδελοί
598 1339 605 1354 ·
635 1339 706 1402 τοῖς
727 1348 768 1404 χιι
788 1321 854 1402 μάν
875 1321 1056 1403 ὑπωδέλοις

277 1435 416 1492 καιλωτε
436 1433 644 1508 βαλλίζοντες
667 1443 799 1492 σιοσσον
818 1434 924 1510 χρῆμα
947 1428 1001 1510 εἴη.

161 1541 267 1598 Athen.
279 1541 321 1597 IX
332 1542 413 1598 408d
430 1535 468 1600 Ἔ.
479 1538 509 1599 θ’
520 1540 553 1600 ἐν
566 1546 689 1616 Θεαροῖς
706 1539 801 1616 εἴρηκε
817 1537 970 1616 χειρόνιβα
988 1536 1033 1600 διὰ
1046 1537 1160 1600 τούτων
1171 1536 1311 1616 ικιθάρα.
1330 1583 1337 1597 .

82 1631 108 1683 λ.
124 1622 261 1698 χάλκιοι’.
295 1627 333 1682 id.
345 1627 414 1684 VIII
431 1627 509 1684 3626
525 1622 562 1685 Ἔ.
580 1625 612 1685 ἐν
629 1637 691 1694 τοῖς
710 1633 834 1701 θεαροῖς
849 1627 989 1700 μέμνηται
1009 1631 1062 1685 τοῦ
1077 1631 1239 1700 βαλλισμοῦ
1256 1665 1263 1682 .
1282 1667 1289 1682 .
1306 1624 1338 1685 ἐν

84 1701 137 1769 οάν
159 1715 211 1768 τῶι
234 1707 357 1786 δράματι
380 1711 408 1769 οὶ
429 1714 540 1783 θεωροὶ
561 1714 750 1783 καθορῶντες
771 1708 807 1770 τά
830 1709 862 1769 ἐν
886 1716 981 1770 Πυθοῖ
1002 1705 1175 1784 άναθήματα
1201 1714 1250 1768 καί
1272 1715 1338 1786 περί

84 1791 210 1854 ἑκάστου
226 1795 360 1866 λέγοντες
378 1799 449 1869 φασί
465 1800 514 1853 καί
531 1794 600 1856 τάδε
613 1792 743 1871 (λέβητες
761 1837 768 1852 .
786 1837 794 1853 .
811 1793 863 1870 εἴη.

175 1885 188 1935 1
206 1877 328 1955 κιθάρας
346 1898 414 1938 corr.
423 1881 577 1938 Meinekius
657 1886 788 1954 χαλκεῖαι
804 1882 836 1937 Α
916 1887 931 1936 2
950 1885 1160 1955 λοιβλιλεβηιες
1176 1881 1219 1936 A:
1243 1879 1339 1937 Grote·

81 1965 151 2022 fend
200 1960 332 2038 χάλκειοι
342 1970 392 2022 468
412 1962 531 2039 χάλκεοι
543 1972 592 2023 362
654 1972 704 2022 3.4
720 1962 861 2026 Iudaeam
874 1967 941 2038 quid
952 1983 1013 2022 esse
1024 1966 1133 2035 possint
1143 1965 1197 2022 hoc
1208 1967 1269 2022 1000
1281 1982 1338 2020 non

84 2051 179 2118 video,
201 2067 253 2107 nec
274 2050 298 2107 si
320 2052 484 2122 τριωδέλοις
502 2052 576 2118 (Hes.
594 2068 616 2109 s.
634 2055 663 2117 v)
681 2051 814 2118 conicias,
837 2051 952 2107 multum
974 2050 1116 2121 pmficies3
1142 2058 1200 2107 tum
1221 2050 1340 2106 fortasse

82 2139 217 2208 χλιδῶντι
231 2137 427 2211 βαλλίζοντες,
447 2127 540 2194 όσσον
555 2130 645 2208 χρῆμ’
662 2132 706 2194 ἔνι
724 2137 779 2204 (vel
796 2136 879 2209 ἐνῆς).

601 2312 642 2374 80
677 2314 718 2374 59
739 2309 807 2371 Ah:

170 2422 276 2480 Athen.
294 2423 335 2480 ΠΙ
354 2428 426 2479 107a
444 2418 460 2480 ό
478 2424 533 2494 μὲν
549 2311 688 2492 ἐπίπλοός
705 2421 776 2497 παρ’
794 2311 969 2498 ’βπιχάρμωι
987 2463 994 2480 .
1013 2462 1020 2479 .
1037 2421 1069 2482 ἐν
1087 2427 1210 2494 Θεαροῖς

466 2527 592 2610 όσσόος
612 2555 647 2596 τε
668 2534 739 2614 πέρι
762 2527 958 2612 κήπιπλόου.

170 2647 218 2702 καί
235 2642 370 2703 ἐπιπλουι
398 2661 466 2702 corr.
484 2645 556 2700 Ahr.

508 2825 687 2884 ιινιικαν
702 2821 742 2902 (p.
758 2820 820 2882 243
842 2817 915 2896 τοι)

602 2957 642 3018 81
667 2955 720 3032 (62
741 2953 821 3028 Ahr)

173 3068 323 3125 Herodian.
341 3068 407 3124 dict„
425 3069 497 3125 solit.
514 3085 541 3140 p.
556 3074 596 3137 10,
609 3074 641 3124 30
660 3065 769 3142 εἴρηται
786 3067 882 3125 δὲκαὶ
899 3069 1024 3133 Ποτιδάς
1040 3068 1168 3133 (ποτίδας
1180 3056 1263 3122 vind.
1289 3086 1341 3122 πο·

86 3156 183 3221 τείδας
200 3154 292 3220 Hm)
311 3152 351 3220 ιάς
370 3156 510 3225 Κερκιδᾶς
526 3156 667 3226 (κερκίδας
678 3154 773 3221 οοᾱᾱλ·
792 3147 877 3211 ἔνθεν
895 3144 1034 3224 αἰτιατικὴ
1052 3148 1084 3208 ἐν
1103 3145 1239 3208 Κάκλωπι
1257 3155 1341 3218 (ante-

84 3239 161 3295 αισα
175 3238 271 3310 Epioh.
287 3239 322 3294 fr.
342 3243 400 3306 ιιι)

335 3349 390 3409 ναί
412 3340 472 3409 τὸν
493 3349 645 3425 Ποτιὸᾶν,
667 3337 854 3424 κοιλότερος
879 3339 987 3420 ὁλμοῦ
1008 3339 1103 3409 πολό.

174 3462 220 3515 ναί
237 3451 290 3515 τὸν
305 3458 392 3514 Mein:
415 3457 533 3516 αἰνετόν
550 3458 634 3526 οοᾱάς
655 3463 714 3512 mm
732 3464 781 3513 aut
798 3461 947 3524 Ποτειδᾶν,
964 3466 996 3513 ut
1012 3458 1186 3514 Herodianus
1203 3457 1343 3522 erraverit,

87 3549 137 3599 aut
153 3539 324 3617 κοιλάτερός
340 3540 443 3614 (ἐσθ’)
461 3536 562 3612 ὅλμοῦ.
596 3543 668 3597 iurat
684 3542 872 3615 Polyphemus
888 3560 939 3614 per
954 3544 1041 3614 patn's
1057 3559 1167 3599 nomen.

604 3720 645 3780 ετ
667 3718 721 3794 (ου
743 3715 821 3795 Ahr)

171 3830 278 3887 Athen.
295 3830 337 3887 IX
354 3833 433 3888 6666
453 3826 491 3891 Ἐ
508 3829 541 3890 ἐν
559 3828 695 3890 Κύκλωπι

287 3942 404 4020 χορδαί
425 3962 460 4004 τε
484 3935 556 4022 ἆιίά,
579 3944 634 4003 ναί
655 3934 699 4015 μὰ
721 3937 781 4002 Δία
787 3989 798 4020 ,
818 3935 868 4020 χω’
889 3932 1019 4016 κωλεός.

605 4110 645 4169 83
668 4109 720 4182 (61
743 4106 811 4168 Ahr

172 4222 278 4278 Athen.
296 4223 339 4278 XI
355 4227 433 4280 498a
450 4221 485 4281 τὸ
505 4218 615 4295 σκάφος
633 4215 789 4294 οὐδετέρως
807 4105 822 4276 .)
833 4259 840 4275 .
857 4223 906 4277 καί
923 4212 958 4279 Ἐ.
975 4218 1008 4279 ἐν
1026 4217 1159 4279 Κύκλωπι

461 4325 548 4415 Ιφέρ’
570 4329 677 4409 ἐγχέας
698 4331 742 4405 είς
764 4323 802 4392 τὸ
826 4322 959 4406 σκάφος.

172 4445 260 4502 verba
276 4442 442 4518 Polyphemi
459 4443 495 4498 ad
512 4443 629 4498 Ulixem.
