3216 5032
168 388 209 443 VI
688 386 904 443 PRAEFATIO

169 571 268 624 utrum
295 563 407 642 integra
436 562 568 623 carmina
594 562 664 624 edas
690 582 731 623 an
758 561 862 624 mutila
889 562 938 626 vel
967 561 1100 642 singulos
1130 562 1154 624 si
1176 561 1252 626 forts
1274 566 1423 646 supersint

169 695 272 736 versus
295 673 450 754 singulare
470 673 630 748 vocabula,
653 682 771 735 secutus
793 672 950 752 probatum
965 673 1238 737 Alexandrinorum
1258 677 1424 757 grammati·

168 805 270 847 corum
297 785 466 863 exemplum
494 784 593 846 addidi
619 784 763 866 quidquid
791 793 922 848 veterum
949 785 1124 846 testimoniis
1154 786 1216 850 sivo
1240 786 1278 849 de
1304 787 1425 848 historia

169 895 334 957 comoedias
354 895 570 976 generibusque
591 896 652 958 eius
675 896 737 958 sive
757 896 793 956 de
808 905 960 973 poenosum
981 897 1043 959 vita
1057 896 1187 958 moribus
1209 907 1271 958 arte
1285 897 1425 958 traditum

168 1026 361 1085 reppereram.
400 1006 437 1067 de
458 1006 608 1069 comoedia
631 1027 705 1088 quae
727 990 844 1070 serdata
865 1015 937 1068 sunt
958 1008 1166 1070 commentaria
1187 1008 1259 1070 satis
1281 1008 1376 1069 multa
1396 1016 1426 1069 et

170 1118 271 1198 ampla
299 1119 331 1179 in
359 1119 423 1197 ipso
452 1118 547 1196 operis
576 1115 676 1178 limine
704 1117 829 1179 collecta
856 1118 998 1196 proposui
1028 1119 1089 1182 sive
1116 1139 1219 1200 graece
1251 1139 1304 1181 seu
1334 1118 1425 1180 latine

169 1229 288 1309 scripta,
311 1229 429 1290 adiutus
451 1212 626 1290 Famam
640 1228 744 1292 Kvnn
762 1238 792 1290 et
806 1228 957 1291 Consum
972 1230 1108 1290 Zlcflnn
1129 1239 1267 1308 prompto
1289 1249 1324 1290 ac
1339 1228 1426 1290 bene·

171 1341 240 1404 volo
268 1340 374 1416 studio,
402 1340 528 1401 maxime
555 1361 626 1404 vero
653 1340 830 1402 annmor
851 1340 922 1402 Lno
950 1350 1082 1419 spectata
1109 1340 1246 1416 amicitia,
1275 1341 1328 1422 qui
1354 1340 1426 1401 Dio-

171 1452 262 1513 medis
290 1452 404 1513 Donati
430 1451 575 1513 Euanthii
602 1461 745 1514 tractatus
772 1451 835 1528 ipse
863 1452 992 1532 suscepit
1021 1451 1226 1515 recensendos.
1269 1450 1426 1513 molestum

172 1583 245 1623 sane
273 1572 337 1623 erat
362 1563 486 1625 Ioannis
507 1564 630 1624 Tzetzae
658 1563 726 1624 stilo
755 1562 872 1643 loquaci
899 1571 1016 1623 tantum
1041 1563 1199 1625 concedere
1220 1563 1346 1638 chartae,
1375 1562 1427 1623 sed

173 1674 234 1734 fieri
254 1693 319 1734 non
340 1674 437 1751 potuit
458 1674 531 1755 quin
553 1675 668 1754 integra
688 1674 750 1735 eius
772 1672 864 1736 verba
885 1673 1093 1754 perscriberem
1115 1673 1212 1736 bonae
1237 1684 1267 1735 et
1287 1675 1427 1755 antiquae

173 1784 322 1847 doetrinae
343 1783 498 1864 gemmulis
520 1783 710 1845 multifariam
728 1784 875 1847 distincta.
912 1785 1065 1847 additurus
1080 1806 1159 1847 eram
1174 1786 1295 1863 insuper
1308 1785 1426 1847 tabulas

173 1895 365 1957 didascalicos
380 1893 452 1957 GIA
467 1895 502 1956 H
518 1898 577 1957 971
588 1917 630 1976 sq.
646 1895 772 1977 itemque
787 1905 940 1974 poetarum
954 1897 1112 1959 laterculos
1127 1895 1201 1959 GlA
1215 1897 1250 1958 H
1266 1900 1336 1971 977,
1351 1916 1426 1977 quos

174 2006 268 2067 multo
295 2006 442 2084 pleniores
469 2026 488 2067 a
515 2027 546 2068 se
574 2006 734 2085 descriptos
755 2005 888 2069 Adolfus
910 2008 1055 2071 Wilhelm
1083 2008 1196 2071 dudum
1224 2029 1255 2070 ee
1281 2007 1426 2069 editurum

174 2118 353 2197 promiserat
396 2117 477 2198 quod
510 2118 644 2179 nondum
674 2118 786 2181 factum
818 2140 999 2201 quamquam
1030 2118 1125 2192 doleo,
1157 2128 1258 2180 tamen
1290 2138 1358 2180 cum
1389 2118 1427 2178 ad

174 2229 293 2290 atticam
307 2228 487 2290 comoediam
507 2228 559 2290 illa
579 2230 754 2307 pertineant,
776 2250 839 2291 non
861 2230 949 2293 nimie
970 2251 1056 2311 aegre
1077 2230 1108 2290 in
1126 2229 1182 2292 hoc
1196 2230 1314 2311 quidem
1335 2230 1428 2310 primo

175 2339 317 2402 fasciculo
337 2339 591 2402 desiderabuntur.
634 2340 759 2402 alterum
780 2340 879 2402 adhuc
901 2362 968 2420 spes
990 2351 1035 2402 est
1054 2341 1226 2422 gravissimo
1248 2340 1300 2401 illo
1322 2340 1429 2401 instru-

175 2460 275 2512 mento
296 2470 359 2512 non
380 2451 539 2512 cariturum
560 2471 632 2514 esse.

261 2571 394 2639 superest
420 2571 455 2624 ut
480 2565 590 2643 gratias
618 2583 704 2644 agam
731 2564 772 2625 eis
800 2564 851 2645 qui
873 2584 963 2644 opera
983 2583 1038 2626 sua
1059 2562 1214 2625 consilium
1236 2562 1284 2625 vel
1306 2561 1430 2624 consilio

176 2692 294 2753 operam
321 2693 416 2734 meam
444 2673 630 2738 adiuverunt.
674 2683 790 2756 praeter
815 2674 884 2736 illos
912 2695 987 2755 quos
1014 2682 1103 2735 antea
1134 2673 1286 2736 nominavi
1313 2673 1430 2735 doctam

176 2792 315 2860 expertus
344 2805 410 2846 sum
438 2784 606 2847 Gvrnnnnn
634 2786 783 2849 Scnvnnn
811 2784 1038 2845 Mnxnunrnm
1059 2786 1259 2848 Wnnnunnn
1286 2784 1430 2847 Gnoson

178 2894 344 2956 anuuznn
365 2896 396 2955 in
418 2895 593 2958 adornando
614 2897 758 2977 glossario
780 2916 879 2976 opem,
905 2896 1073 2958 R10nnnn1
1087 2898 1328 2959 Romanusnnm
1349 2895 1430 2955 inex·

177 3006 314 3068 haustam
335 3007 367 3067 in
381 3007 578 3088 Etymologici
600 3009 646 3069 sui
660 3008 751 3088 copiis
771 3007 930 3090 largiendis
945 3007 1157 3083 liberalitatem,
1179 3008 1307 3089 denique
1321 3006 1431 3068 WILA·

177 3136 328 3180 uowmzn
350 3118 530 3182 utbreviter
550 3119 645 3181 dicam
667 3119 822 3181 adomnia
843 3119 941 3182 officia
962 3121 1069 3197 pariter
1089 3127 1223 3199 paratam
1238 3118 1430 3181 voluntatem.

220 3274 415 3337 Gouurnonn
437 3288 512 3337 nnn.
527 3291 600 3336 nuc.
616 3290 646 3336 n.
661 3291 694 3335 n.
709 3290 733 3335 s.
748 3289 793 3333 110
