3150 5018
782 260 866 315 llllll

658 437 698 496 65
723 435 776 510 (18
791 433 866 496 An.
893 436 934 496 σι
950 434 1005 509 Bo)

286 550 391 604 Athen.
409 550 463 604 VII
480 552 555 605 osio
576 544 758 622 (βεμβράδες)
782 542 957 622 Ἐπίχαρμος
980 587 1012 604 ..
1034 540 1242 621 βαμβραδόνας
1265 539 1358 613 αάτάς
1379 551 1461 603 καλεῖ

198 635 297 702 (11.66)
316 674 342 689 ..
360 638 408 692 καί
427 639 461 690 Σ.
479 631 512 690 ίν
529 626 679 705 Ἄνδρείοις
695 628 920 707 βαμβραδόνι
937 631 1076 705 ῥαφεια.
1111 630 1259 702 temptavit
1272 631 1392 687 Conaub.
1410 629 1459 703 ῥα-

199 721 271 792 φίδι,
293 719 722 790 1ο1ο1ο11ιιιὶνοὶιιιτραφερᾶι,
744 718 780 774 of.
799 717 930 783 [lhooori
949 719 1019 774 XXI
1036 721 1070 772 44
1091 719 1140 774 καί
1161 737 1203 784 τις
1225 721 1286 773 τών
1304 720 1459 790 τραφερών

198 803 226 871 (1.
236 820 260 859 o.
278 804 403 871 piscium)
421 802 558 874 ώρέξατο.
592 821 621 858 v.
639 819 721 872 snpra
738 803 774 858 ad
792 802 825 857 fr.
837 807 879 857 43.
925 861 929 870 ,

549 964 598 1023 66.
621 965 660 1023 67
686 962 748 1038 (15.
765 963 804 1022 16
820 958 896 1024 Ahr.
920 960 970 1020 63.
987 958 1099 1033 64130)

546 1101 587 1160 66
630 1091 775 1178 τριγόλαι
802 1090 1046 1174 ὀμφαλοτόμιοι.

547 1238 586 1296 67
631 1225 786 1314 τριγόλαν
812 1227 871 1296 τὸν
894 1228 1047 1296 εάδιαῐον.

282 1364 387 1420 Athon.
399 1364 454 1420 VH
471 1369 546 1420 324o
564 1368 599 1421 Σ.
617 1356 645 1419 δ’
662 1359 694 1420 ἐν
711 1371 774 1429 τοῖς
790 1355 940 1437 Ἀνδρείοις
957 1357 1093 1434 τριγόλας
1109 1356 1191 1427 τινάς
1207 1357 1239 1418 ἐν
1256 1361 1373 1427 τούτοις
1391 1354 1455 1417 όνο-

199 1447 284 1518 μάζει
297 1443 353 1521 ιτρ.
373 1442 450 1519 όμφ.’
467 1452 521 1515 (66)
538 1451 587 1505 καί
599 1443 656 1518 (τρ.
674 1468 698 1505 τ.
717 1440 781 1506 εάδ.’
798 1451 859 1514 (61).

284 1539 315 1588 oi
344 1526 476 1606 τριγόλαι
493 1535 558 1590 ood:
581 1551 649 1590 oorr.
666 1534 794 1590 Musurns
879 1538 998 1588 notorum
1021 1548 1049 1586 v.
1066 1531 1104 1587 nd
1124 1530 1157 1585 fr.
1175 1536 1221 1585 43:
1252 1531 1385 1586 videntur
1402 1551 1457 1601 τρι-

198 1616 288 1691 γόλας
307 1610 516 1689 όμφαλοτόμος
528 1619 681 1690 (obstetrix)
700 1627 729 1675 ot
743 1619 864 1692 βλέννος
882 1611 1021 1688 δηλαμών
1033 1615 1153 1687 (nutrio)
1172 1615 1265 1685 aliquo
1283 1617 1369 1672 modo
1388 1616 1458 1670 inter

199 1721 229 1761 so
246 1703 391 1773 compositi
409 1702 503 1768 fuisse,
521 1704 585 1759 lioot
600 1703 714 1760 masculi
731 1703 840 1774 gononis
857 1709 979 1772 uterque.

627 1863 691 1922 *oo
714 1862 767 1937 (72
782 1859 858 1922 An.
886 1858 1018 1934 lOBBo)

540 1975 689 2059 Ἠπιόλης
710 1975 727 2042 ὃ
752 1975 812 2042 τὸν
834 1981 956 2060 πατέρα
979 1985 1114 2057 πνίγιον.

278 2094 435 2149 Demetrius
449 2094 484 2148 do
496 2094 563 2150 oloo.
578 2097 626 2148 156
643 2090 676 2150 ἐν
688 2092 718 2150 δὲ
731 2101 792 2158 τοῖς
804 2091 952 2166 πράγμασι
965 2083 1164 2165 λαμβάνονται
1181 2085 1297 2161 χάριτες
1308 2087 1343 2146 ἐκ
1354 2109 1457 2160 παροι-

198 2181 278 2249 μίας·
297 2176 379 2250 φάσει
397 2173 454 2251 γάρ
470 2179 573 2252 χαρίεν
590 2170 703 2250 πρᾶγμ’
720 2177 799 2234 ἐστιν
815 2172 832 2250 ἡ
851 2179 1003 2250 παροιμία,
1020 2171 1061 2244 ώς
1079 2169 1096 2233 ό
1115 2179 1150 2233 Σ.
1167 2175 1221 2244 μὲν
1233 2168 1377 2245 ιόπιάλης,
1396 2170 1457 2247 ἔφη,

199 2258 215 2319 δ
237 2284 260 2321 τ.
279 2284 308 2319 π.
327 2256 383 2319 πν.’
410 2263 459 2318 ubi
477 2261 557 2336 ἐπίης
574 2264 635 2319 ood.
646 2263 707 2318 Par.
725 2262 810 2318 habet
826 2270 855 2318 ot
871 2263 901 2317 in
917 2278 975 2332 mg.
991 2258 1119 2334 δπιηκὴς;
1136 2256 1253 2330 δπιάλης
1264 2275 1334 2314 oorr.
1346 2259 1456 2315 Galeas.

198 2349 242 2403 Et
260 2349 372 2418 gonnin.
394 2347 448 2414 (Et
466 2348 502 2402 Μ.
519 2353 583 2415 434,
603 2352 644 2414 13)
670 2342 796 2406 linono
820 2347 851 2405 δέ
874 2367 942 2420 φησι
967 2342 1022 2404 τὸν
1043 2339 1193 2415 Ἐπιάλτην
1218 2337 1309 2400 αὐτόν
1335 2337 1458 2414 ἧπιάλην

199 2428 329 2504 (ἐπιάλην
344 2432 378 2497 Β)
400 2437 553 2490 καλεῖσθαι
574 2436 623 2490 καί
645 2436 751 2506 τροπῆι
772 2436 826 2490 τοῦ
843 2439 862 2490 oi
881 2433 922 2498 είς
940 2439 958 2489 δ
975 2425 1104 2502 ἦπιόλην,
1124 2428 1174 2485 ubi
1191 2427 1361 2498 Apollodori
1384 2445 1457 2484 oom-

199 2517 347 2573 montarios
366 2516 542 2586 Sophronooo
564 2518 701 2589 adgnovit
715 2518 911 2574 Reitzenstein.
946 2516 1120 2572 scribendum
1142 2514 1228 2584 igitur
1248 2505 1397 2586 Ἠπιόλης,
1423 2513 1457 2568 of.

199 2602 318 2673 Hosyoh.
336 2595 480 2674 ἤπιόλιον·
507 2602 709 2677 ῥιγοπνρὲτιον
726 2610 755 2659 et
770 2603 804 2658 fr.
816 2609 858 2658 10.

805 2763 845 2824 69

284 2857 375 2928 Etym.
388 2857 497 2913 Orionis
510 2861 567 2924 101,
580 2863 612 2912 30
630 2854 802 2928 μαστροπός
818 2896 846 2912 ..
864 2851 943 2929 παρά
962 2853 998 2913 τὸ
1016 2857 1154 2924 μαίεσθαι
1171 2847 1239 2918 τοὺς
1255 2848 1387 2924 τρόπους
1399 2859 1458 2912 τών

198 2944 403 3014 πορνενουσών
419 2946 570 3012 γυναικών,
590 2943 639 2998 ubi
657 2959 673 2998 o
690 2943 831 2999 oodioibus
847 2940 1007 2998 melioribus
1023 2940 1068 2995 Et.
1086 2936 1206 2994 Gudiani
1226 2938 1361 2994 aooodunt
1377 2938 1458 2996 hano:

200 3015 292 3091 οὕτως
308 3022 341 3082 ἐν
356 3019 538 3096 ὑπομνήματι
551 3026 617 3093 (soil.
629 3026 807 3095 Apollodori)
825 3023 989 3100 Σώφρονος
1005 3018 1160 3097 Ἂνδρείων.
1188 3023 1283 3092 itaque
1299 3042 1457 3095 μαστρο-

199 3103 264 3175 πός
281 3126 342 3166 voc.
360 3111 435 3179 apud
453 3111 624 3180 Sophronom
640 3111 702 3165 init

621 3271 686 3330 *70
711 3265 869 3345 (oobnhr.
894 3270 954 3331 111
971 3268 1026 3345 no)

283 3382 409 3437 Eustath.
426 3397 454 3450 p.
467 3385 526 3448 561,
540 3386 570 3436 19
595 3380 627 3439 ἐν
645 3382 675 3440 δὲ
692 3391 755 3449 τοῖς
767 3377 953 3456 Ἢρωιδιανοῦ
970 3391 1062 3440 κεῖται
1083 3381 1132 3436 καὶ
1149 3370 1269 3451 ἤπιάλης
1288 3369 1457 3448 ἦπιάλητος.

200 3455 235 3523 οὗ
250 3471 359 3537 χρῆσις,
377 3469 456 3540 φησί,
473 3462 552 3540 παρὰ
573 3464 713 3540 Σώφρονι

572 3572 729 3657 Ἡρακλῆς
754 3569 926 3655 Ἠπιάλητα
948 3578 1083 3651 πνίγων.

284 3671 470 3742 wfflstffl

733 3832 772 3890 71
797 3829 850 3907 (ιο
866 3829 920 3904 Bo)

285 3943 417 4014 Harpoor.
435 3959 462 4012 p.
477 3946 534 4008 163,
549 3945 579 3996 18
599 3940 717 4009 πωλάς
734 3935 799 4000 άντὶ
817 3946 869 3999 τοῦ
887 3937 1008 4014 πράσεις
1020 3936 1182 4012 Ὑπερείδης
1200 3977 1227 3991 ..
1246 3932 1306 3994 ἔστι
1325 3935 1456 4006 τοῦνομα

198 4031 247 4084 καί
264 4025 297 4085 ἐν
314 4037 377 4095 τοῖς
395 4024 559 4101 Σώφρονος
575 4020 732 4100 Ἂνδρείοις.
769 4025 844 4083 Suid.
863 4043 884 4081 ε.
897 4043 925 4080 v.
994 4023 1093 4092 πώλας
1109 4041 1131 4080 s.
1150 4027 1248 4089 πώλας
1264 4023 1314 4089 (Α)
1327 4023 1413 4092 Harp.

651 4169 767 4265 ινμσ
783 4184 858 4248 Ahr.
883 4188 921 4248 ιι
938 4185 993 4261 Bo)

284 4300 353 4355 Poll.
372 4299 411 4356 IV
426 4303 474 4353 114
489 4299 585 4371 (λίτρα
604 4297 729 4371 νόμισμα
747 4291 865 4367 λεπτόν)
884 4304 920 4356 Σ.
937 4297 970 4357 ἐν
987 4307 1049 4365 τοῖς
1065 4292 1215 4370 Ἀνδρείοις

468 4411 569 4470 σῶσαι
591 4406 624 4470 δ’
646 4406 722 4474 οὐδὲ
744 4404 801 4484 τὰς
824 4403 883 4472 δύο
905 4395 1016 4488 λίτρας
1039 4400 1185 4481 δύναμαι.
