3150 5018
206 257 248 317 34
630 259 678 309 DE
695 257 876 311 couonmA
893 257 1033 309 GRAECA

207 432 319 510 αὐτοῖς
340 429 378 498 τὸ
400 428 459 514 τήν
481 435 667 508 κωμωιδίαν
689 432 813 509 γέλωτα
835 425 918 510 έχειν
941 433 995 492 καί
1018 423 1194 504 σκώμματα
1216 429 1271 489 καί
1290 420 1345 490 κδ’
1356 447 1480 505 χορευ·
1503 439 1518 487 5

206 532 274 614 τάς,
296 530 355 616 τήν
378 538 410 599 δέ
433 537 630 615 τραγωιδίαν
651 536 705 595 καί
727 527 807 608 τούς
828 528 991 612 σατύρους
1013 528 1068 594 ἐπ’
1092 531 1160 611 ἴσης
1181 531 1240 605 μέν
1263 523 1346 607 ἔχειν
1358 539 1496 608 χορευ·“

206 635 263 716 τὰς
285 633 344 717 ις’,
376 638 536 717 διαφέρειν
560 638 592 699 δέ
618 631 701 716 πρὸς
728 629 891 715 ἀλλήλους
919 629 970 696 δτι
998 630 1098 714 ἠμέν
1124 634 1300 712 τραχωιδία
1324 623 1480 710 θρήνους

206 737 312 819 μόνον
334 740 394 821 ἔχει
416 743 470 802 καί
492 734 644 816 οἰμωγάς,
666 728 686 818 ή
709 740 742 800 δέ
765 732 920 816 σατυρικὴ
946 741 1073 817 ποίησις
1102 739 1270 815 συγκιρνᾶι
1298 745 1371 808 ταῖς
1400 727 1481 795 άλο-

209 839 363 924 φύρσεσιν
386 835 560 922 ἱλαρότητα
592 843 647 902 καί
681 834 747 903 άπὸ
780 835 933 920 δακρύων
963 842 1007 916 είς
1031 833 1137 920 χαράν
1166 840 1334 899 καταντᾶν
1364 832 1481 897 εἴωθε.

210 947 349 1026 διαφέρει
372 947 405 1008 δέ
426 947 480 1006 καί
502 937 584 1005 κατά
606 947 706 1006 τοῦτο
728 944 902 1023 τραχωιδία
924 946 978 1004 καί
999 943 1165 1017 κωμωιδία
1188 933 1239 1002 ὅτι
1261 933 1281 1018 ἢ
1302 938 1361 1012 μέν
1377 958 1480 1016 τραγ·
1493 955 1521 1006 10

209 1051 301 1111 ωιδία
323 1040 392 1110 λύει
414 1042 473 1110 τὸν
494 1051 579 1123 βίον,
610 1039 686 1126 ἥδέ
707 1047 873 1121 κωμωιδία
896 1048 1071 1124 συνίστησι.
1108 1042 1273 1118 κωμωιδία
1295 1040 1328 1101 δέ
1350 1032 1480 1118 ἐκλήθη

208 1146 227 1230 ἢ
250 1145 300 1212 ὅτι
321 1141 403 1211 κατά
425 1143 484 1211 τὸν
505 1141 621 1226 καιρὸν
642 1152 704 1209 τοῦ
724 1141 874 1223 καύματος
901 1142 974 1227 ήτοι
1002 1152 1063 1210 τοῦ
1085 1139 1194 1208 ύπνου
1223 1135 1356 1222 εὑρέθη,
1378 1133 1400 1219 ἢ
1425 1133 1480 1201 ὅτι

209 1252 243 1316 έν
258 1263 328 1328 ταῖς
342 1245 465 1326 κώμαις
486 1249 653 1313 τουτέστιν
675 1248 710 1311 ἐν
730 1262 802 1326 ταῖς
824 1261 1017 1326 στενωποῖς,
1040 1244 1060 1328 ἢ
1083 1247 1118 1310 έν
1139 1258 1211 1322 ταῖς
1231 1238 1355 1319 κώμαις
1378 1263 1481 1304 τουτ·

208 1357 294 1418 ἐστιν
317 1352 352 1415 έν
373 1365 443 1427 τοῖς
463 1356 624 1429 μεγίστοις
642 1356 786 1432 χωρίοις,
808 1348 827 1432 ἢ
850 1346 901 1415 άτι
923 1351 959 1414 έν
974 1363 1043 1425 τοῖς
1057 1344 1179 1426 κώμοις
1200 1351 1255 1410 καί
1275 1339 1392 1419 πότοις
1414 1348 1481 1406 τοῦ

208 1450 373 1520 Διονύσου
396 1449 522 1533 εὑρέθη.
559 1448 577 1533 η
600 1455 634 1515 δέ
655 1456 830 1534 τραχωιδία
851 1449 915 1516 άπὸ
938 1459 1000 1517 τοῦ
1014 1447 1168 1532 τράχονῆ
1189 1445 1301 1530 τρύγα,
1323 1446 1480 1510 τουτέστι
1495 1469 1523 1519 15

209 1560 285 1622 νέον
307 1556 413 1628 οἶνον,
435 1549 620 1633 λαμβάνειν,
643 1551 662 1635 ἢ
685 1551 749 1619 άπὸ
772 1563 833 1620 τοῦ
854 1559 948 1635 τρυγί
965 1559 1138 1635 χρίσασθαι
1159 1549 1200 1616 τά
1222 1545 1382 1631 πρόσωπα
1399 1545 1483 1612 κατ’

209 1653 320 1740 άρχάς,
342 1655 361 1739 ἢ
384 1652 434 1721 ὅτι
457 1651 667 1737 τετραγωνως
688 1659 820 1722 ίσταντο
841 1660 1050 1739 τετραγωιδία
1072 1659 1126 1718 καί
1147 1656 1336 1735 τραχωιδία,
1358 1647 1378 1732 ἢ
1410 1646 1482 1715 α’πὸ

209 1767 270 1825 τοῦ
298 1764 445 1839 τραχείας
478 1755 575 1835 ωἰδὰς
608 1757 689 1837 ἔχειν
720 1753 799 1835 τούς
830 1755 975 1842 θρήνους
1006 1760 1180 1840 τραχωιδία
1213 1759 1266 1818 καί
1297 1757 1482 1833 τραχωιδία

209 1857 335 1943 ἐκλήθη.
379 1857 398 1941 ή
432 1857 587 1942 σατυρική
616 1865 649 1924 δὲ
684 1855 749 1924 α’πὸ
777 1867 845 1925 τῶν
874 1857 1024 1942 σατύρων
1053 1854 1172 1941 ἐκλήθη
1204 1863 1272 1922 τῶν
1304 1850 1482 1937 εὑρόντων

211 1959 311 2044 αὐτὴν
332 1960 404 2043 ἤτοι
429 1970 582 2045 γεωργῶν
603 1968 658 2027 καί
680 1960 820 2026 εὐτελῶν
842 1959 1040 2044 άνθρῶπων.
1084 1964 1258 2043 τραγωιδοί
1287 1961 1320 2023 δέ
1342 1963 1524 2039 ποιηταίχρ

211 2063 324 2147 Ἀρίων
350 2067 464 2141 Θέσπις
497 2059 655 2145 Φρύνιχος
682 2060 843 2144 Αἰσχύλος
868 2072 1042 2145 Σοφοκλῆς
1067 2061 1243 2146 Εὐριπίδης
1269 2057 1335 2125 Ὶων
1355 2056 1483 2141 ἰλχαιὸς

210 2172 263 2231 καὶ
286 2167 387 2249 έτεροι
409 2171 529 2248 ’μυρίοι
563 2167 639 2231 νέοι.
690 2169 854 2243 κωμωιδοί
893 2162 1108 2248 τραπόμενοι
1139 2169 1311 2246 Κρατῖνος
1331 2158 1482 2229 Πλάτων

208 2266 351 2346 Εὔπολις
382 2263 578 2349 Φερεκράτης
605 2263 834 2350 Ἀριστοφάνης
862 2274 916 2332 καί
945 2263 1055 2350 ἕτεροι.
1107 2273 1161 2333 καί
1189 2269 1257 2333 νέοι
1284 2267 1483 2348 Μένανδρος

214 2366 364 2453 Φιλήμων
397 2375 568 2434 Φιλιστίων
596 2375 650 2434 καί
678 2377 805 2454 πλῆθος
833 2365 926 2434 πολύ.
974 2366 1145 2451 σατυρικὸς
1174 2373 1206 2434 δέ
1227 2374 1391 2449 Πρατίνας
1422 2375 1482 2434 καί

210 2472 322 2553 έτεροι.
377 2476 431 2534 καί
466 2480 568 2537 ταῦτα
604 2476 663 2550 μέν
700 2479 771 2554 περί
806 2479 970 2555 τραγικῶν
1007 2479 1192 2553 σατυρικῶν
1227 2476 1280 2534 καί
1316 2481 1521 2548 κωμικῶνχε

210 2597 365 2656 ποιητῶν.

724 2763 925 2770 ..-.-.-.--..-

526 2999 599 3064 VII.
627 2994 826 3061 ΙΩΑΝΝΟΥ
848 2995 937 3062 ΤΟΥ
959 2994 1160 3061 ΤΖΕΤΖΟΥ

419 3131 592 3243 ,ΣΤΙΧΟΙ
627 3130 728 3196 ΠΕΡΙ
764 3130 981 3197 ΔΙΑΦΟΡΑΣ
1017 3129 1230 3196 ΠΟΙΗΤΩΝ.

457 3296 643 3370 Ποιητικῶν
664 3290 839 3365 μέλλουσιν
862 3284 1014 3369 ἄρχεσθαι
1037 3284 1146 3368 λόγων

456 3387 562 3472 χρεὼν
586 3387 745 3455 διδάσκειν
767 3396 881 3471 πρῶτα
903 3388 962 3466 τὰς
984 3392 1164 3471 διαιρέσεις·

457 3489 545 3557 οὕτω
569 3489 629 3574 γὰρ
652 3488 857 3557 εὐσύνοπτον
880 3487 968 3555 ἔσται
990 3505 1060 3568 τοῖς
1083 3494 1184 3568 νέοις·

1233 3630 1471 3638 ι--ι--

296 3713 348 3762 VI=
384 3714 416 3763 13
438 3713 468 3760 έν
487 3721 547 3761 mc
568 3707 645 3764 ὀδοτε
665 3730 691 3764 n.
709 3711 811 3780 1151,
838 3713 872 3764 αὶ.
891 3714 999 3762 Ττελεαο
1020 3712 1101 3762 Ιαινὶ).
1120 3729 1145 3763 n.
1158 3714 1210 3763 VII
1228 3729 1254 3766 v.
1272 3715 1314 3765 31.
1335 3714 1385 3763 115

214 3799 245 3847 14
263 3795 296 3845 of.
316 3796 405 3860 Steph.
417 3795 481 3859 Byz.
499 3811 519 3846 s.
537 3799 616 3862 κώμη
633 3815 659 3862 p.
672 3802 731 3862 400,
745 3801 777 3850 22
849 3801 880 3852 15
899 3800 931 3850 αὶ.
948 3800 1000 3850 v.3
1069 3799 1109 3849 20.
1121 3800 1152 3849 21
1172 3798 1264 3862 tragn'ci
1280 3800 1385 3861 praeter
1396 3797 1476 3846 Ario·

210 3895 270 3930 nem
289 3880 401 3944 'thespin
419 3880 598 3944 Phrynichum
616 3882 699 3933 eidem
722 3884 750 3932 in
767 3884 893 3933 laterculo
911 3883 1076 3945 cominiano,
1100 3882 1132 3931 de
1150 3898 1202 3946 quo
1220 3898 1244 3934 v.
1263 3884 1296 3933 ad
1313 3897 1339 3930 n.
1357 3882 1385 3930 11

211 3968 244 4017 22
263 3968 451 4032 πραττόμενοι
470 3980 494 4015 v.
514 3965 593 4015 schol.
611 3967 687 4018 Dion.
705 3967 766 4018 Thr.
785 3982 864 4030 supra
880 3984 906 4031 p.
920 3970 960 4029 15,
974 3969 1007 4019 70

296 4084 425 4134 vn-Ix
453 4084 543 4134 Edidit
560 4085 623 4134 haec
641 4086 777 4136 Cramerus
793 4085 844 4135 An.
857 4085 907 4136 Ox.
924 4087 965 4134 ΙΙΙ
981 4088 1032 4138 334
1049 4087 1152 4137 duobus
1169 4087 1301 4138 codicibus
1318 4085 1477 4136 oxoniensi·

211 4167 260 4217 bus
279 4184 354 4230 usus,
377 4169 460 4218 altero
477 4168 633 4220 Baroeciano
651 4170 693 4232 (B)
717 4171 799 4220 altero
815 4170 1024 4220 Meermanniano
1043 4173 1103 4235 (M);
1130 4175 1248 4224 εοοδίοε
1266 4169 1385 4222 Parisino
1404 4173 1476 4222 2044

211 4251 304 4301 iterum
318 4252 441 4302 Duebner
452 4254 519 4304 Mus.
532 4254 615 4303 Rhen·
627 4255 665 4303 IV
679 4254 767 4319 (1836)
779 4271 806 4318 p.
815 4256 874 4306 393.
892 4256 917 4304 V
927 4256 1014 4318 (1837)
1027 4271 1052 4318 p.
1064 4258 1122 4307 154.
1151 4258 1250 4308 codices
1261 4255 1394 4306 Parisinos
1404 4256 1478 4308 2403

211 4351 275 4386 saec.
288 4336 357 4386 XIII
371 4338 412 4402 (P)
430 4343 456 4388 et
473 4340 541 4391 2644
559 4353 622 4388 τοτα.
636 4339 702 4388 XIV
716 4340 759 4403 (A)
778 4340 900 4390 adcurate
918 4340 979 4389 olim
997 4341 1024 4389 in
1040 4341 1212 4391 studemundi
1229 4358 1305 4393 usum
1323 4340 1478 4391 contulerat

211 4421 316 4484 Lcohn,
344 4422 390 4485 qui
414 4437 480 4485 quae
502 4423 529 4471 in
551 4424 742 4474 Anecdotorum
764 4423 985 4475 Crameriunorum
1009 4426 1129 4489 exemplo
1151 4426 1374 4477 studemundiano
1401 4428 1476 4491 (libr.
