3150 5018
211 281 252 338 54
636 283 684 333 DE
701 283 880 335 cocionum
897 285 1036 337 GRAECA

166 456 185 515 5
243 456 246 462 '
293 453 493 534 Exegetici
519 453 569 517 vel
591 453 748 515 enarrativi
777 454 887 534 species
909 464 982 516 sunt
1003 465 1075 517 tres:
1105 451 1283 537 ἀγγελτική,
1307 453 1468 538 ἱστορική,

210 552 422 636 διδασκαλική.
510 551 677 636 ἅγγελτική
705 563 751 616 θεῖ
775 576 835 636 qua
855 558 1018 619 sententiae
1039 557 1217 631 scribuntur,
1245 567 1280 618 ut
1299 567 1345 620 est
1366 558 1508 621 Theo-20

209 655 307 737 gnidis
334 655 416 731 liber,
449 656 518 718 item
544 656 656 731 chriae;
690 654 834 740 ἱστορική
862 667 908 719 θεῖ
935 679 995 739 qua
1015 659 1199 721 narrationes
1224 668 1254 720 et
1273 659 1469 740 genealogiae

210 767 437 839 componuntur,
458 768 493 819 ut
511 756 516 839 Ι
535 767 580 820 est
588 754 738 823 Ἡσιόδου
754 767 920 840 γυναικοῖν
935 756 1115 841 κατάλογος
1129 770 1160 822 et
1173 760 1294 834 similia;
1317 765 1468 825 ὃιὸασκα·
1494 785 1516 828 r·
1529 773 1562 818 ⁴8³

209 857 281 942 λική
309 869 354 922 θεῖ
375 880 435 941 qua
457 859 716 941 comprehenditur
742 860 940 942 philosophia,
968 862 1159 943 Empedoclis
1180 871 1210 923 θῖ
1229 862 1364 937 Lucreti,
1397 863 1469 924 item

209 961 380 1042 astrologia,
409 971 443 1023 ut
463 961 670 1042 phaenomena
689 959 819 1043 Ἀράτου
841 972 872 1024 θῖ
893 963 1055 1038 Ciceronis,
1081 974 1111 1026 et
1131 965 1267 1045 georgica
1289 963 1415 1045 Vergilii
1437 974 1467 1026 et

208 1064 254 1125 his
276 1063 389 1126 similia
1470 1073 1500 1124 25

168 1169 186 1229 6
292 1173 446 1231 Κοινοῦ
467 1164 517 1228 vel
538 1166 704 1227 communis
726 1176 878 1248 poematos
900 1167 1012 1248 speeies
1033 1167 1129 1249 prima
1149 1176 1196 1229 est
1215 1166 1339 1241 heroica,
1363 1177 1398 1229 ut
1420 1179 1466 1231 est

210 1264 322 1330 Iliados
343 1277 373 1329 et
393 1266 556 1341 Aeneidos,
585 1266 717 1329 secunda
737 1267 866 1349 elegiaca
890 1291 906 1327 ε
932 1291 948 1327 ε
977 1278 1011 1330 ut
1032 1278 1079 1330 est
1098 1267 1272 1330 Archilochi
1293 1278 1322 1330 et
1343 1269 1464 1333 Horati

149 1372 192 1434 ΙΠ
292 1371 450 1433 Poematos
475 1377 729 1451 χαρακτῆρες
756 1379 828 1432 sunt
852 1379 1006 1451 quattuor:
1034 1367 1167 1452 μακρός,
1195 1367 1326 1451 βραχύς,
1355 1373 1464 1451 μέσος,

210 1465 397 1555 (ἀνθηρός).
476 1468 599 1552 μακρός
620 1480 666 1532 θεῖ
684 1468 849 1554 χαρακτήρ
872 1481 906 1533 ut
927 1471 1009 1553 apud
1030 1471 1196 1552 Vergilium
1216 1473 1249 1532 in
1270 1471 1329 1546 XI,
1351 1472 1405 1533 ubi
1427 1472 1465 1534 de

209 1574 336 1639 Camilla
356 1574 429 1636 iacit
449 1573 649 1634 narrationem
671 1572 712 1634 sic
733 1580 773 1648 (ν.
790 1577 873 1648 539),
894 1583 947 1635 aut
968 1583 1003 1635 ut
1024 1595 1056 1636 εθ
1077 1574 1190 1636 habent
1210 1573 1245 1635 H
1261 1582 1291 1634 et
1304 1573 1357 1635 HI
1371 1573 1462 1649 liber;
1475 1584 1503 1634 30

207 1673 329 1759 βραχύς
351 1685 397 1738 θεῖ
417 1685 452 1736 ut
472 1675 505 1736 in
518 1675 558 1749 V,
581 1674 633 1736 ubi
649 1673 687 1735 de
701 1673 877 1756 Ganymede
898 1676 1019 1737 strictim
1038 1686 1139 1737 narrat
1153 1676 1195 1738 sic
1209 1683 1248 1751 (ν.
1263 1679 1465 1752 250-253);

207 1782 304 1857 μέσος
332 1788 377 1840 θεῖ
404 1786 439 1838 ut
466 1778 497 1838 in
519 1777 537 1838 Ι
559 1780 714 1853 (arceat
745 1786 791 1838 θεῖ
812 1778 891 1838 enim
913 1779 1056 1858 castigata
1077 1777 1213 1850 narratio,
1244 1778 1285 1840 sic
1306 1787 1407 1839 tamen
1431 1788 1467 1840 ut

209 1881 309 1942 omnia
329 1864 486 1960 complexa
507 1878 558 1952 sit;
592 1874 736 1960 ἀνθηρός
757 1887 792 1939 ut
813 1879 844 1940 in
866 1879 941 1953 VH,
967 1881 1019 1942 ubi
1040 1880 1247 1941 amoenitatem
1268 1879 1329 1941 luci
1350 1900 1386 1942 ac
1408 1881 1465 1944 flu·

210 1983 297 2043 minis
318 1980 511 2043 describendo
532 1980 604 2041 facit
625 1982 826 2043 narrationem
848 1983 889 2043 sic
911 1986 950 2058 (o.
974 1986 1121 2057 30-34).

144 2085 196 2147 III
295 2083 398 2164 Epos
420 2081 525 2144 dicitur
544 2102 648 2162 graece
670 2083 798 2144 carmine
819 2083 990 2146 hexametro
1011 2083 1179 2148 divinarum
1200 2104 1298 2145 rerum
1318 2091 1349 2144 et
1369 2082 1465 2146 heroi·
1478 2093 1507 2142 35

209 2206 310 2247 carum
329 2183 334 2267 Ι
352 2184 609 2265 humanarumque
626 2184 862 2265 comprehensio;
884 2185 964 2266 quod
986 2185 1140 2248 aGraecis
1162 2187 1203 2247 ita
1224 2184 1382 2247 definitum
1402 2195 1465 2248 est:
1491 2197 1555 2254 am

210 2289 286 2365 ἒπος
307 2289 396 2352 ἐστὶν
418 2284 550 2369 περιοχὴ
571 2292 672 2351 θείων
694 2311 727 2351 τε
750 2293 804 2352 καὶ
825 2286 978 2369 ἡρωικῶν
1000 2294 1053 2353 καὶ
1076 2286 1299 2370 ἀνθρωπίνων
1317 2284 1467 2369 ποαγμοὶ·

168 2391 187 2450 2
210 2413 286 2454 των.
332 2388 424 2450 latine
445 2388 536 2469 paulo
557 2389 742 2450 communius
764 2409 883 2450 carmen
904 2389 1030 2454 auditur.
1108 2410 1180 2471 epos
1201 2388 1327 2450 latinum
1347 2389 1466 2470 primus

208 2490 297 2571 digne
318 2478 434 2572 scripsit
447 2490 576 2565 Ennius,
599 2492 712 2571 quires
734 2491 938 2553 Romanorum
959 2490 1059 2552 decem
1080 2501 1110 2553 et
1131 2501 1197 2554 octo
1219 2490 1395 2572 complexus
1417 2501 1467 2565 est

207 2592 301 2668 libris,
322 2593 374 2673 qui
394 2600 424 2653 θῖ
437 2590 576 2654 Annales
598 2592 806 2667 inscribuntur,
829 2594 910 2674 quod
931 2593 1117 2674 singulorum
1138 2593 1199 2654 iere
1214 2613 1362 2655 annorum
1377 2585 1466 2655 actus
1481 2604 1510 2654 40

207 2694 369 2767 continent,
392 2695 468 2756 sicut
488 2693 599 2775 publici
620 2694 746 2756 annales
768 2716 844 2776 quos
866 2694 1019 2776 pontifices
1035 2694 1205 2776 scribaeque
1219 2694 1389 2770 conficiunt,
1410 2695 1466 2758 vel

165 2799 185 2860 3
206 2796 336 2871 Romaiu,
364 2797 445 2877 quod
466 2797 669 2859 Romanorum
696 2818 742 2859 res
769 2807 868 2878 gestas
896 2797 1059 2861 declarant.
1144 2818 1215 2878 epos
1238 2806 1336 2858 autem
1357 2797 1464 2879 appel·

105 2975 112 2985 ι
206 2897 293 2971 latur,
316 2908 351 2960 ut
371 2897 493 2962 Graccis
515 2899 621 2980 placet,
644 2896 731 2980 παρὰ
753 2897 790 2964 τὸ
814 2900 944 2964 ἕπεσθαι
967 2899 1001 2964 ἐν
1024 2897 1114 2984 αὐτῷ
1133 2896 1174 2964 τὰ
1196 2901 1267 2981 ἑξῆς
1286 2901 1366 2981 μέρη
1389 2912 1464 2977 τοῖς

205 2996 356 3082 πρώτοις.
401 3002 558 3082 praecipue
584 3022 655 3065 vero
679 3000 848 3063 hexameter
869 3023 972 3065 versus
995 3002 1072 3078 ἔπος
1093 2999 1206 3075 dicitur,
1234 3000 1375 3081 quoniam
1397 3001 1464 3082 qui·

204 3101 273 3163 dem
293 3102 351 3165 hoc
371 3123 460 3166 versu
481 3102 573 3166 verba
592 3103 728 3183 responsi
749 3102 781 3163 in
794 3113 935 3178 mutuam,
958 3112 993 3164 ut
1007 3103 1048 3165 sic
1062 3101 1192 3176 dixerim,
1214 3104 1462 3184 consequentiam
1476 3114 1507 3163 45

204 3204 319 3284 primus
341 3203 414 3266 deus
435 3213 519 3267 vates
542 3203 771 3285 comprehendit,
794 3205 875 3266 unde
895 3213 1000 3286 postca
1020 3204 1143 3266 abusive
1160 3205 1286 3268 verbum
1299 3213 1330 3265 θῖ
1343 3203 1474 3279 solutae¹

163 3306 346 3368 donationis
374 3306 440 3387 ipsa
461 3307 606 3387 scriptura
627 3326 812 3387 consequens
838 3307 876 3368 ab
904 3306 970 3369 aliis
999 3307 1076 3383 ἔπος
1103 3306 1223 3371 dictum.
1308 3306 1462 3392 ῥαψῳδία

275 3597 306 3648 19
324 3595 454 3658 poematos
471 3592 535 3647 add.
553 3591 747 3660 Reifferaclieid
805 3596 835 3646 21
855 3595 937 3644 diriae
953 3591 1019 3646 ΒΜ
1076 3596 1109 3646 26
1126 3595 1173 3644 DE
1190 3595 1311 3646 SPECIE
1328 3595 1461 3647 Pom-

206 3681 269 3749 TOS
287 3680 469 3732 COMMVNIS
553 3683 586 3732 27
604 3681 685 3729 eliaca
752 3676 889 3746 supplevit
909 3677 1009 3752 Vaeaer
1024 3677 1101 3731 relat.
1120 3676 1387 3746 ocod.Boo.1892,
1409 3681 1465 3734 615

206 3758 252 3831 (ut
269 3771 308 3816 est
319 3766 472 3818 callimachi
489 3771 515 3816 et
526 3766 654 3829 Properti,
672 3765 750 3815 tertia
766 3763 889 3829 iambica)
956 3764 1080 3816 archiloci
1096 3770 1122 3814 et
1140 3765 1238 3815 oratius
1305 3766 1339 3817 28
1357 3762 1411 3818 loci
1428 3764 1463 3819 dc

205 3848 403 3903 characteribus
415 3847 512 3918 prima
528 3848 612 3902 cerba
629 3850 769 3915 (poematos
786 3851 826 3899 ch.
844 3865 864 3899 s.
882 3851 1014 3914 quattuor)
1034 3846 1134 3916 occipit
1153 3847 1226 3902 locria
1243 3846 1276 3902 dc
1293 3847 1370 3917 opica
1381 3849 1464 3918 poeat'

205 3952 266 4000 epos
282 3935 378 3986 dicitur
394 3964 430 3972 —
446 3941 477 3986 ut
493 3937 530 3986 sic
547 3936 658 3985 dixerim
676 3932 713 4002 (ν.
728 3932 856 4002 ,ac-45),
882 3932 1011 4002 sequitur,
1025 3932 1125 3987 dicrum
1147 3940 1278 3999 poematos
1301 3933 1464 3987 characteres

205 4026 266 4071 sunt
287 4022 316 4071 hi
337 4022 448 4085 brachys
469 4036 569 4071 macros
593 4036 683 4071 mesos.
718 4035 816 4070 macros
838 4024 877 4070 est
898 4034 919 4072 c.
938 4035 962 4086 q.
980 4034 1009 4086 a,
1037 4017 1133 4073 deinde
1150 4034 1200 4072 atto
1223 4016 1319 4072 ordine
1336 4017 1369 4072 de
1385 4019 1465 4088 epira

88 4124 90 4129 ·
201 4103 279 4171 pocci
295 4103 395 4158 iterum
488 4109 522 4158 30
540 4106 646 4156 secundi
663 4110 689 4156 et
707 4107 779 4156 tertii
795 4106 857 4156 libri
934 4108 968 4159 37
986 4111 1057 4156 eston
1130 4108 1164 4158 38
1181 4105 1256 4156 audit
1272 4103 1392 4172 Souicm
1410 4105 1464 4161 ali·

206 4187 272 4255 quid
290 4189 399 4258 deficere
415 4188 524 4244 videtur
620 4194 653 4243 39
671 4192 774 4255 scripsit
791 4191 814 4241 is
831 4192 877 4255 qni
979 4191 1066 4243 decem
1083 4195 1110 4241 et
1127 4195 1183 4242 octo
1201 4188 1287 4244 altero
1305 4189 1368 4258 loco,
1385 4195 1465 4258 quin-

190 4275 288 4325 decim
309 4274 394 4329 altero
479 4279 514 4329 40
535 4276 685 4328 scribuntur
770 4279 801 4329 41
827 4275 974 4327 contineant
1062 4276 1163 4341 puplici
1186 4274 1272 4330 altero
1295 4274 1358 4342 loco,
1385 4279 1465 4342 publi

205 4357 290 4413 aliero
307 4359 371 4414 AM
452 4364 493 4413 41.
504 4364 537 4413 42
556 4363 600 4412 vel
617 4362 729 4412 romanis
806 4364 839 4414 43
857 4363 943 4413 autoic
960 4359 1045 4414 aliero
1063 4359 1131 4426 loco,
1159 4362 1232 4411 autoi
1247 4359 1306 4429 sere
1322 4359 1410 4415 atero

206 4449 239 4497 46
257 4447 365 4519 verbum
383 4445 434 4500 dcl.
451 4444 525 4498 Iuba
