<?xml version="1.0" encoding="UTF-8"?>
<!DOCTYPE html PUBLIC "-//W3C//DTD XHTML 1.0 Transitional//EN"
    "http://www.w3.org/TR/xhtml1/DTD/xhtml1-transitional.dtd">
<html xmlns="http://www.w3.org/1999/xhtml" xml:lang="en" lang="en">
 <head>
  <title>
</title>
<meta http-equiv="Content-Type" content="text/html;charset=utf-8" />
  <meta name='ocr-system' content='tesseract 3.04.00' />
  <meta name='ocr-capabilities' content='ocr_page ocr_carea ocr_par ocr_line ocrx_word'/>
</head>
<body>
  <div class='ocr_page' id='page_1' title='image "./comicorvmgraeco00kaibgoog_0033.png"; bbox 0 0 3150 5018; ppageno 0'>
   <div class='ocr_carea' id='block_1_1' title="bbox 114 4412 317 4475">
    <p class='ocr_par' dir='ltr' id='par_1_1' title="bbox 114 4412 317 4475">
     <span class='ocr_line' id='line_1_1' title="bbox 114 4412 317 4475; baseline -0.025 -10"><span class='ocrx_word' id='word_1_1' title='bbox 114 4471 117 4475; x_wconf 42' lang='lat'>‚</span> <span class='ocrx_word' id='word_1_2' title='bbox 210 4421 269 4465; x_wconf 74' lang='lat' dir='ltr'>toto</span> <span class='ocrx_word' id='word_1_3' title='bbox 284 4412 317 4461; x_wconf 90' lang='lat' dir='ltr'>W</span> 
     </span>
    </p>
   </div>
   <div class='ocr_carea' id='block_1_2' title="bbox 215 218 1036 307">
    <p class='ocr_par' dir='ltr' id='par_1_2' title="bbox 215 218 1036 307">
     <span class='ocr_line' id='line_1_2' title="bbox 215 218 1036 307; baseline 0.004 -3"><span class='ocrx_word' id='word_1_4' title='bbox 215 247 255 307; x_wconf 89' lang='lat'>10</span> <span class='ocrx_word' id='word_1_5' title='bbox 581 218 584 224; x_wconf 60' lang='grc'><strong>’</strong></span> <span class='ocrx_word' id='word_1_6' title='bbox 636 254 683 304; x_wconf 80' lang='lat' dir='ltr'>ou</span> <span class='ocrx_word' id='word_1_7' title='bbox 700 252 880 305; x_wconf 79' lang='lat' dir='ltr'>cououom</span> <span class='ocrx_word' id='word_1_8' title='bbox 896 255 1036 307; x_wconf 74' lang='lat' dir='ltr'>oneum</span> 
     </span>
    </p>
   </div>
   <div class='ocr_carea' id='block_1_3' title="bbox 265 400 1467 512">
    <p class='ocr_par' dir='ltr' id='par_1_3' title="bbox 265 400 1467 512">
     <span class='ocr_line' id='line_1_3' title="bbox 265 400 1467 512; baseline 0.017 -31"><span class='ocrx_word' id='word_1_9' title='bbox 265 400 267 407; x_wconf 37' lang='lat'><strong><em>¹</em></strong></span> <span class='ocrx_word' id='word_1_10' title='bbox 302 426 348 484; x_wconf 83' lang='lat'>18.</span> <span class='ocrx_word' id='word_1_11' title='bbox 371 423 505 502; x_wconf 78' lang='grc' dir='ltr'><strong><em>Δίφιλος</em></strong></span> <span class='ocrx_word' id='word_1_12' title='bbox 527 420 696 501; x_wconf 80' lang='grc' dir='ltr'><strong><em>Σινωπεὺς</em></strong></span> <span class='ocrx_word' id='word_1_13' title='bbox 724 421 806 490; x_wconf 81' lang='grc' dir='ltr'><strong><em>κατὰ</em></strong></span> <span class='ocrx_word' id='word_1_14' title='bbox 834 421 894 490; x_wconf 82' lang='grc' dir='ltr'><strong><em>τὸν</em></strong></span> <span class='ocrx_word' id='word_1_15' title='bbox 923 423 1025 492; x_wconf 76' lang='grc' dir='ltr'><strong><em>αὐτὸν</em></strong></span> <span class='ocrx_word' id='word_1_16' title='bbox 1052 425 1176 510; x_wconf 86' lang='grc' dir='ltr'><strong><em>χρόνον</em></strong></span> <span class='ocrx_word' id='word_1_17' title='bbox 1198 432 1319 512; x_wconf 76' lang='grc' dir='ltr'><strong><em>ἐδίδαξε</em></strong></span> <span class='ocrx_word' id='word_1_18' title='bbox 1339 433 1467 502; x_wconf 86' lang='grc' dir='ltr'><strong><em>Μενάν-</em></strong></span> 
     </span>
    </p>
   </div>
   <div class='ocr_carea' id='block_1_4' title="bbox 214 521 1507 632">
    <p class='ocr_par' dir='ltr' id='par_1_4' title="bbox 214 521 1507 632">
     <span class='ocr_line' id='line_1_4' title="bbox 214 521 1507 632; baseline 0.012 -45"><span class='ocrx_word' id='word_1_19' title='bbox 214 528 308 606; x_wconf 82' lang='grc' dir='ltr'><strong><em>δρωι·</em></strong></span> <span class='ocrx_word' id='word_1_20' title='bbox 329 532 473 590; x_wconf 77' lang='grc' dir='ltr'><strong><em>τελευτᾶι</em></strong></span> <span class='ocrx_word' id='word_1_21' title='bbox 495 528 528 589; x_wconf 77' lang='grc' dir='ltr'>δὲ</span> <span class='ocrx_word' id='word_1_22' title='bbox 551 526 585 589; x_wconf 80' lang='grc' dir='ltr'>ἐν</span> <span class='ocrx_word' id='word_1_23' title='bbox 606 521 763 608; x_wconf 84' lang='grc' dir='ltr'><strong><em>Σμάρνηι.</em></strong></span> <span class='ocrx_word' id='word_1_24' title='bbox 786 523 931 610; x_wconf 93' lang='grc' dir='ltr'>δράματα</span> <span class='ocrx_word' id='word_1_25' title='bbox 953 533 987 595; x_wconf 76' lang='grc' dir='ltr'>δὲ</span> <span class='ocrx_word' id='word_1_26' title='bbox 1008 530 1093 595; x_wconf 79' lang='grc' dir='ltr'><strong><em>ἔστιν</em></strong></span> <span class='ocrx_word' id='word_1_27' title='bbox 1116 531 1218 598; x_wconf 76' lang='grc' dir='ltr'><strong><em>αὐτοῦ</em></strong></span> <span class='ocrx_word' id='word_1_28' title='bbox 1240 558 1279 615; x_wconf 90' lang='grc' dir='ltr'>ρ.</span> <span class='ocrx_word' id='word_1_29' title='bbox 1475 584 1507 632; x_wconf 75' lang='lat'>75</span> 
     </span>
    </p>
   </div>
   <div class='ocr_carea' id='block_1_5' title="bbox 729 675 945 713">
    <p class='ocr_par' dir='ltr' id='par_1_5' title="bbox 729 675 945 713">
     <span class='ocr_line' id='line_1_5' title="bbox 729 675 945 713; baseline 0.014 -3"><span class='ocrx_word' id='word_1_30' title='bbox 729 675 745 710; x_wconf 78' lang='grc'>*</span> <span class='ocrx_word' id='word_1_31' title='bbox 829 677 845 712; x_wconf 70' lang='grc'><strong><em>*</em></strong></span> <span class='ocrx_word' id='word_1_32' title='bbox 929 678 945 713; x_wconf 78' lang='grc'>*</span> 
     </span>
    </p>
   </div>
   <div class='ocr_carea' id='block_1_6' title="bbox 212 980 1467 1199">
    <p class='ocr_par' dir='ltr' id='par_1_6' title="bbox 212 980 1467 1199">
     <span class='ocr_line' id='line_1_6' title="bbox 212 980 1467 1104; baseline 0.007 -27"><span class='ocrx_word' id='word_1_33' title='bbox 212 1013 274 1080; x_wconf 84' lang='lat'>111.</span> <span class='ocrx_word' id='word_1_34' title='bbox 310 1011 404 1077; x_wconf 74' lang='lat' dir='ltr'>Tou</span> <span class='ocrx_word' id='word_1_35' title='bbox 432 1011 518 1076; x_wconf 79' lang='grc' dir='ltr'>ΤΗΣ</span> <span class='ocrx_word' id='word_1_36' title='bbox 551 1011 729 1104; x_wconf 62' lang='lat' dir='ltr'>texum</span> <span class='ocrx_word' id='word_1_37' title='bbox 754 980 996 1080; x_wconf 74' lang='lat' dir='ltr'>Kouomm</span> <span class='ocrx_word' id='word_1_38' title='bbox 1024 1017 1227 1084; x_wconf 75' lang='lat' dir='ltr'>uomuou</span> <span class='ocrx_word' id='word_1_39' title='bbox 1253 1019 1467 1086; x_wconf 70' lang='lat' dir='ltr'>ououim</span> 
     </span>
     <span class='ocr_line' id='line_1_7' title="bbox 688 1130 986 1199; baseline 0.017 -5"><span class='ocrx_word' id='word_1_40' title='bbox 688 1130 758 1196; x_wconf 77' lang='lat' dir='ltr'>ml</span> <span class='ocrx_word' id='word_1_41' title='bbox 780 1132 986 1199; x_wconf 60' lang='lat' dir='ltr'><strong>mmmm.</strong></span> 
     </span>
    </p>
   </div>
   <div class='ocr_carea' id='block_1_7' title="bbox 523 1305 1064 1997">
    <p class='ocr_par' dir='ltr' id='par_1_7' title="bbox 523 1305 1064 1997">
     <span class='ocr_line' id='line_1_8' title="bbox 616 1305 1040 1393; baseline 0.012 -23"><span class='ocrx_word' id='word_1_42' title='bbox 616 1305 810 1393; x_wconf 78' lang='grc' dir='ltr'><strong><em>θεοτόμτιου</em></strong></span> <span class='ocrx_word' id='word_1_43' title='bbox 834 1305 977 1390; x_wconf 91' lang='grc' dir='ltr'>δράματα</span> <span class='ocrx_word' id='word_1_44' title='bbox 1001 1306 1040 1390; x_wconf 87' lang='grc' dir='ltr'>ιζ’</span> 
     </span>
     <span class='ocr_line' id='line_1_9' title="bbox 610 1403 1036 1490; baseline 0.009 -19"><span class='ocrx_word' id='word_1_45' title='bbox 610 1403 807 1489; x_wconf 76' lang='grc' dir='ltr'><strong><em>Στράττιδος</em></strong></span> <span class='ocrx_word' id='word_1_46' title='bbox 829 1404 973 1490; x_wconf 89' lang='grc' dir='ltr'>δράματα</span> <span class='ocrx_word' id='word_1_47' title='bbox 996 1409 1036 1488; x_wconf 85' lang='grc' dir='ltr'>ις’</span> 
     </span>
     <span class='ocr_line' id='line_1_10' title="bbox 616 1506 1064 1594; baseline 0.009 -21"><span class='ocrx_word' id='word_1_48' title='bbox 616 1506 834 1591; x_wconf 80' lang='grc' dir='ltr'><em>Φερεκράτους</em></span> <span class='ocrx_word' id='word_1_49' title='bbox 856 1507 1000 1592; x_wconf 91' lang='grc' dir='ltr'>δράματα</span> <span class='ocrx_word' id='word_1_50' title='bbox 1023 1509 1064 1594; x_wconf 83' lang='grc' dir='ltr'>ιη’</span> 
     </span>
     <span class='ocr_line' id='line_1_11' title="bbox 523 1598 993 1695; baseline -0.002 -17"><span class='ocrx_word' id='word_1_51' title='bbox 523 1674 525 1678; x_wconf 81' lang='grc'>,</span> <span class='ocrx_word' id='word_1_52' title='bbox 587 1598 590 1603; x_wconf 33' lang='lat'><strong>⁴</strong></span> <span class='ocrx_word' id='word_1_53' title='bbox 610 1605 774 1692; x_wconf 79' lang='grc' dir='ltr'><strong><em>Κράτητος</em></strong></span> <span class='ocrx_word' id='word_1_54' title='bbox 797 1607 941 1694; x_wconf 92' lang='grc' dir='ltr'>δράματα</span> <span class='ocrx_word' id='word_1_55' title='bbox 963 1610 993 1695; x_wconf 81' lang='grc' dir='ltr'>η’</span> 
     </span>
     <span class='ocr_line' id='line_1_12' title="bbox 611 1709 1027 1796; baseline 0.007 -20"><span class='ocrx_word' id='word_1_56' title='bbox 611 1709 789 1789; x_wconf 78' lang='grc' dir='ltr'><strong><em>Πλάτωνος</em></strong></span> <span class='ocrx_word' id='word_1_57' title='bbox 811 1709 955 1795; x_wconf 91' lang='grc' dir='ltr'>δράματα</span> <span class='ocrx_word' id='word_1_58' title='bbox 976 1711 1027 1796; x_wconf 89' lang='grc' dir='ltr'>κη’</span> 
     </span>
     <span class='ocr_line' id='line_1_13' title="bbox 616 1810 1038 1896; baseline 0.012 -21"><span class='ocrx_word' id='word_1_59' title='bbox 616 1817 821 1894; x_wconf 70' lang='grc' dir='ltr'><strong><em>Τηλεκλείδου</em></strong></span> <span class='ocrx_word' id='word_1_60' title='bbox 843 1810 987 1896; x_wconf 79' lang='grc' dir='ltr'>δράματα</span> <span class='ocrx_word' id='word_1_61' title='bbox 1010 1813 1038 1894; x_wconf 81' lang='grc' dir='ltr'>ς’</span> 
     </span>
     <span class='ocr_line' id='line_1_14' title="bbox 615 1912 987 1997; baseline 0.003 -18"><span class='ocrx_word' id='word_1_62' title='bbox 615 1920 776 1996; x_wconf 82' lang='grc' dir='ltr'><em>Φρυνίχου</em></span> <span class='ocrx_word' id='word_1_63' title='bbox 799 1912 944 1997; x_wconf 78' lang='grc' dir='ltr'>δράματα</span> <span class='ocrx_word' id='word_1_64' title='bbox 966 1913 987 1980; x_wconf 84' lang='grc' dir='ltr'>ι’</span> 
     </span>
    </p>
   </div>
   <div class='ocr_carea' id='block_1_8' title="bbox 729 2061 952 2100">
    <p class='ocr_par' dir='ltr' id='par_1_8' title="bbox 729 2061 952 2100">
     <span class='ocr_line' id='line_1_15' title="bbox 729 2061 952 2100; baseline 0.009 -2"><span class='ocrx_word' id='word_1_65' title='bbox 729 2061 745 2098; x_wconf 75' lang='grc'>*</span> <span class='ocrx_word' id='word_1_66' title='bbox 832 2062 849 2098; x_wconf 79' lang='grc'>*</span> <span class='ocrx_word' id='word_1_67' title='bbox 936 2063 952 2100; x_wconf 75' lang='grc'>*</span> 
     </span>
    </p>
   </div>
   <div class='ocr_carea' id='block_1_9' title="bbox 381 2350 1390 2475">
    <p class='ocr_par' dir='ltr' id='par_1_9' title="bbox 381 2350 1390 2475">
     <span class='ocr_line' id='line_1_16' title="bbox 381 2350 1390 2475; baseline 0.003 -6"><span class='ocrx_word' id='word_1_68' title='bbox 381 2403 435 2470; x_wconf 80' lang='grc' dir='ltr'>ιν.</span> <span class='ocrx_word' id='word_1_69' title='bbox 471 2401 722 2471; x_wconf 79' lang='lat' dir='ltr'>usouomrs</span> <span class='ocrx_word' id='word_1_70' title='bbox 744 2404 793 2469; x_wconf 79' lang='lat' dir='ltr'>lu</span> <span class='ocrx_word' id='word_1_71' title='bbox 816 2405 1066 2474; x_wconf 72' lang='lat' dir='ltr'>moursrvu</span> <span class='ocrx_word' id='word_1_72' title='bbox 1088 2390 1296 2475; x_wconf 77' lang='lat' dir='ltr'>uflmomi</span> <span class='ocrx_word' id='word_1_73' title='bbox 1385 2350 1390 2357; x_wconf 46' lang='grc'><strong>’</strong></span> 
     </span>
    </p>
   </div>
   <div class='ocr_carea' id='block_1_10' title="bbox 210 2573 1496 3169">
    <p class='ocr_par' dir='ltr' id='par_1_10' title="bbox 210 2573 1496 3169">
     <span class='ocr_line' id='line_1_17' title="bbox 297 2573 1469 2660; baseline 0.009 -25"><span class='ocrx_word' id='word_1_74' title='bbox 297 2596 329 2653; x_wconf 90' lang='lat' dir='ltr'>p.</span> <span class='ocrx_word' id='word_1_75' title='bbox 347 2581 417 2655; x_wconf 77' lang='lat'>744,</span> <span class='ocrx_word' id='word_1_76' title='bbox 432 2577 511 2636; x_wconf 78' lang='lat'>3213</span> <span class='ocrx_word' id='word_1_77' title='bbox 544 2575 579 2638; x_wconf 82' lang='grc' dir='ltr'>ἐκ</span> <span class='ocrx_word' id='word_1_78' title='bbox 607 2582 664 2656; x_wconf 85' lang='grc' dir='ltr'><strong><em>τῆς</em></strong></span> <span class='ocrx_word' id='word_1_79' title='bbox 691 2573 850 2659; x_wconf 82' lang='grc' dir='ltr'><strong><em>μιμήσεως</em></strong></span> <span class='ocrx_word' id='word_1_80' title='bbox 878 2574 938 2660; x_wconf 83' lang='grc' dir='ltr'>γάρ</span> <span class='ocrx_word' id='word_1_81' title='bbox 961 2574 1094 2660; x_wconf 78' lang='grc' dir='ltr'><strong><em>ἐνάρετα</em></strong></span> <span class='ocrx_word' id='word_1_82' title='bbox 1116 2582 1298 2643; x_wconf 76' lang='grc' dir='ltr'>δείκνυνται</span> <span class='ocrx_word' id='word_1_83' title='bbox 1326 2576 1366 2643; x_wconf 84' lang='grc' dir='ltr'><strong><em>τὰ</em></strong></span> <span class='ocrx_word' id='word_1_84' title='bbox 1388 2577 1469 2645; x_wconf 88' lang='grc' dir='ltr'><strong><em>α’να-</em></strong></span> 
     </span>
     <span class='ocr_line' id='line_1_18' title="bbox 212 2669 1470 2762; baseline 0.002 -20"><span class='ocrx_word' id='word_1_85' title='bbox 212 2669 441 2757; x_wconf 79' lang='grc' dir='ltr'><strong><em>γινωσκόμενα.</em></strong></span> <span class='ocrx_word' id='word_1_86' title='bbox 488 2681 537 2742; x_wconf 83' lang='grc' dir='ltr'>δεῖ</span> <span class='ocrx_word' id='word_1_87' title='bbox 555 2673 616 2759; x_wconf 78' lang='grc' dir='ltr'>γὰρ</span> <span class='ocrx_word' id='word_1_88' title='bbox 637 2673 678 2742; x_wconf 85' lang='grc' dir='ltr'><strong><em>τὰ</em></strong></span> <span class='ocrx_word' id='word_1_89' title='bbox 698 2681 758 2755; x_wconf 75' lang='grc' dir='ltr'>μὲν</span> <span class='ocrx_word' id='word_1_90' title='bbox 777 2676 902 2760; x_wconf 80' lang='grc' dir='ltr'><strong><em>ἡρωικά</em></strong></span> <span class='ocrx_word' id='word_1_91' title='bbox 924 2677 1086 2745; x_wconf 83' lang='grc' dir='ltr'><strong><em>συντόνωι</em></strong></span> <span class='ocrx_word' id='word_1_92' title='bbox 1107 2687 1158 2762; x_wconf 85' lang='grc' dir='ltr'><strong><em>τῆι</em></strong></span> <span class='ocrx_word' id='word_1_93' title='bbox 1180 2688 1287 2762; x_wconf 83' lang='grc' dir='ltr'><strong><em>φωνῆι</em></strong></span> <span class='ocrx_word' id='word_1_94' title='bbox 1309 2677 1470 2760; x_wconf 77' lang='grc' dir='ltr'>άναγινώ-</span> 
     </span>
     <span class='ocr_line' id='line_1_19' title="bbox 215 2764 1469 2862; baseline 0.003 -18"><span class='ocrx_word' id='word_1_95' title='bbox 215 2800 301 2844; x_wconf 85' lang='grc' dir='ltr'><strong><em>σκειν</em></strong></span> <span class='ocrx_word' id='word_1_96' title='bbox 322 2785 376 2843; x_wconf 89' lang='grc' dir='ltr'>καί</span> <span class='ocrx_word' id='word_1_97' title='bbox 396 2775 439 2862; x_wconf 78' lang='grc' dir='ltr'>μὴ</span> <span class='ocrx_word' id='word_1_98' title='bbox 461 2780 680 2862; x_wconf 79' lang='grc' dir='ltr'><strong><em>ἐκλελυμένηι,</em></strong></span> <span class='ocrx_word' id='word_1_99' title='bbox 708 2776 749 2845; x_wconf 83' lang='grc' dir='ltr'><strong><em>τὰ</em></strong></span> <span class='ocrx_word' id='word_1_100' title='bbox 771 2784 804 2845; x_wconf 79' lang='grc' dir='ltr'>δὲ</span> <span class='ocrx_word' id='word_1_101' title='bbox 825 2778 960 2858; x_wconf 82' lang='grc' dir='ltr'><strong><em>βιωτικὰ</em></strong></span> <span class='ocrx_word' id='word_1_102' title='bbox 982 2784 1127 2847; x_wconf 82' lang='grc' dir='ltr'>τουτέστι</span> <span class='ocrx_word' id='word_1_103' title='bbox 1149 2764 1189 2847; x_wconf 65' lang='grc' dir='ltr'><strong><em>τά</em></strong></span> <span class='ocrx_word' id='word_1_104' title='bbox 1211 2779 1338 2859; x_wconf 77' lang='grc' dir='ltr'><strong><em>κωμικὰ</em></strong></span> <span class='ocrx_word' id='word_1_105' title='bbox 1362 2781 1408 2861; x_wconf 84' lang='grc' dir='ltr'>ὡς</span> <span class='ocrx_word' id='word_1_106' title='bbox 1431 2785 1469 2849; x_wconf 84' lang='grc' dir='ltr'>ἐν</span> 
     </span>
     <span class='ocr_line' id='line_1_20' title="bbox 213 2881 1469 2966; baseline 0.005 -22"><span class='ocrx_word' id='word_1_107' title='bbox 213 2887 272 2944; x_wconf 81' lang='grc' dir='ltr'><strong><em>τῶι</em></strong></span> <span class='ocrx_word' id='word_1_108' title='bbox 293 2886 381 2961; x_wconf 75' lang='grc' dir='ltr'><strong><em>βίοι,</em></strong></span> <span class='ocrx_word' id='word_1_109' title='bbox 408 2885 553 2946; x_wconf 77' lang='grc' dir='ltr'>τουτέστι</span> <span class='ocrx_word' id='word_1_110' title='bbox 574 2885 795 2959; x_wconf 81' lang='grc' dir='ltr'>μιμουμένους</span> <span class='ocrx_word' id='word_1_111' title='bbox 817 2897 973 2962; x_wconf 79' lang='grc' dir='ltr'>γυναῖκας</span> <span class='ocrx_word' id='word_1_112' title='bbox 994 2886 1068 2960; x_wconf 88' lang='grc' dir='ltr'>νίας</span> <span class='ocrx_word' id='word_1_113' title='bbox 1090 2881 1109 2966; x_wconf 78' lang='grc' dir='ltr'><strong><em>ἢ</em></strong></span> <span class='ocrx_word' id='word_1_114' title='bbox 1131 2888 1262 2966; x_wconf 84' lang='grc' dir='ltr'>γραίδας</span> <span class='ocrx_word' id='word_1_115' title='bbox 1283 2882 1302 2965; x_wconf 83' lang='grc' dir='ltr'><em>ἢ</em></span> <span class='ocrx_word' id='word_1_116' title='bbox 1327 2881 1469 2950; x_wconf 83' lang='grc' dir='ltr'>δεδοικό-</span> 
     </span>
     <span class='ocr_line' id='line_1_21' title="bbox 210 2980 1496 3070; baseline 0.006 -24"><span class='ocrx_word' id='word_1_117' title='bbox 210 3007 268 3059; x_wconf 84' lang='grc' dir='ltr'>τας</span> <span class='ocrx_word' id='word_1_118' title='bbox 284 2981 308 3066; x_wconf 85' lang='grc' dir='ltr'><strong><em>ἢ</em></strong></span> <span class='ocrx_word' id='word_1_119' title='bbox 325 2981 554 3066; x_wconf 78' lang='grc' dir='ltr'><strong><em>ὀργιζομένους</em></strong></span> <span class='ocrx_word' id='word_1_120' title='bbox 575 2980 696 3066; x_wconf 83' lang='grc' dir='ltr'>ἄνδρας</span> <span class='ocrx_word' id='word_1_121' title='bbox 716 2981 736 3064; x_wconf 80' lang='grc' dir='ltr'>ἢ</span> <span class='ocrx_word' id='word_1_122' title='bbox 752 2980 812 3049; x_wconf 79' lang='grc' dir='ltr'>ὅσα</span> <span class='ocrx_word' id='word_1_123' title='bbox 827 2988 939 3067; x_wconf 77' lang='grc' dir='ltr'><strong><em>πρέπει</em></strong></span> <span class='ocrx_word' id='word_1_124' title='bbox 959 3000 1029 3063; x_wconf 84' lang='grc' dir='ltr'><strong><em>τοῖς</em></strong></span> <span class='ocrx_word' id='word_1_125' title='bbox 1043 2988 1259 3067; x_wconf 79' lang='grc' dir='ltr'>εἰσαγομένοις</span> <span class='ocrx_word' id='word_1_126' title='bbox 1274 2983 1466 3070; x_wconf 77' lang='grc' dir='ltr'><strong><em>προσώποις</em></strong></span> <span class='ocrx_word' id='word_1_127' title='bbox 1480 3011 1496 3059; x_wconf 83' lang='lat'>5</span> 
     </span>
     <span class='ocr_line' id='line_1_22' title="bbox 210 3081 1242 3169; baseline 0.005 -21"><span class='ocrx_word' id='word_1_128' title='bbox 210 3081 297 3168; x_wconf 85' lang='grc' dir='ltr'><strong><em>τιαρά</em></strong></span> <span class='ocrx_word' id='word_1_129' title='bbox 319 3082 510 3169; x_wconf 73' lang='grc' dir='ltr'><strong><em>Μενάνδρου</em></strong></span> <span class='ocrx_word' id='word_1_130' title='bbox 531 3083 550 3167; x_wconf 84' lang='grc' dir='ltr'><em>ἢ</em></span> <span class='ocrx_word' id='word_1_131' title='bbox 576 3083 792 3168; x_wconf 76' lang='grc' dir='ltr'><strong><em>Ἀριστοφάνει</em></strong></span> <span class='ocrx_word' id='word_1_132' title='bbox 813 3083 833 3168; x_wconf 78' lang='grc' dir='ltr'><em>ἢ</em></span> <span class='ocrx_word' id='word_1_133' title='bbox 855 3101 925 3163; x_wconf 88' lang='grc' dir='ltr'><strong><em>τοῖς</em></strong></span> <span class='ocrx_word' id='word_1_134' title='bbox 946 3083 1058 3165; x_wconf 79' lang='grc' dir='ltr'><strong><em>ἄλλοις</em></strong></span> <span class='ocrx_word' id='word_1_135' title='bbox 1079 3102 1242 3165; x_wconf 84' lang='grc' dir='ltr'><strong><em>κωμικοῖς.</em></strong></span> 
     </span>
    </p>
   </div>
   <div class='ocr_carea' id='block_1_11' title="bbox 211 3321 1469 3485">
    <p class='ocr_par' dir='ltr' id='par_1_11' title="bbox 211 3321 1469 3485">
     <span class='ocr_line' id='line_1_23' title="bbox 298 3321 1469 3399; baseline 0 -25"><span class='ocrx_word' id='word_1_136' title='bbox 298 3325 329 3374; x_wconf 83' lang='grc'>75</span> <span class='ocrx_word' id='word_1_137' title='bbox 352 3322 428 3373; x_wconf 74' lang='grc' dir='ltr'><strong><em>ἔστιν</em></strong></span> <span class='ocrx_word' id='word_1_138' title='bbox 450 3338 499 3372; x_wconf 91' lang='lat' dir='ltr'>om.</span> <span class='ocrx_word' id='word_1_139' title='bbox 516 3323 570 3371; x_wconf 77' lang='lat' dir='ltr'>Alo</span> <span class='ocrx_word' id='word_1_140' title='bbox 656 3323 685 3371; x_wconf 86' lang='lat' dir='ltr'>in</span> <span class='ocrx_word' id='word_1_141' title='bbox 701 3321 752 3372; x_wconf 86' lang='lat' dir='ltr'>fine</span> <span class='ocrx_word' id='word_1_142' title='bbox 775 3322 909 3385; x_wconf 87' lang='lat' dir='ltr'>perierunt</span> <span class='ocrx_word' id='word_1_143' title='bbox 923 3323 963 3399; x_wconf 41' lang='lat' dir='ltr'>&#39;de</span> <span class='ocrx_word' id='word_1_144' title='bbox 982 3323 1090 3384; x_wconf 81' lang='lat' dir='ltr'>reliquis</span> <span class='ocrx_word' id='word_1_145' title='bbox 1112 3337 1194 3372; x_wconf 79' lang='lat' dir='ltr'>novoe</span> <span class='ocrx_word' id='word_1_146' title='bbox 1216 3323 1359 3373; x_wconf 79' lang='lat' dir='ltr'>comoediae</span> <span class='ocrx_word' id='word_1_147' title='bbox 1381 3323 1469 3386; x_wconf 83' lang='lat' dir='ltr'>poetis</span> 
     </span>
     <span class='ocr_line' id='line_1_24' title="bbox 211 3397 1467 3485; baseline 0.002 -28"><span class='ocrx_word' id='word_1_148' title='bbox 211 3409 288 3470; x_wconf 78' lang='lat' dir='ltr'>dieta,</span> <span class='ocrx_word' id='word_1_149' title='bbox 307 3408 452 3472; x_wconf 78' lang='lat' dir='ltr'>supplenda</span> <span class='ocrx_word' id='word_1_150' title='bbox 469 3422 529 3458; x_wconf 80' lang='lat' dir='ltr'>eae</span> <span class='ocrx_word' id='word_1_151' title='bbox 548 3407 628 3458; x_wconf 81' lang='lat' dir='ltr'>Suidu</span> <span class='ocrx_word' id='word_1_152' title='bbox 645 3409 707 3469; x_wconf 84' lang='lat' dir='ltr'>iere,</span> <span class='ocrx_word' id='word_1_153' title='bbox 725 3407 772 3456; x_wconf 91' lang='lat' dir='ltr'>ubi</span> <span class='ocrx_word' id='word_1_154' title='bbox 788 3411 814 3456; x_wconf 93' lang='lat' dir='ltr'>et</span> <span class='ocrx_word' id='word_1_155' title='bbox 831 3397 947 3485; x_wconf 65' lang='lat' dir='ltr'>tempora</span> <span class='ocrx_word' id='word_1_156' title='bbox 964 3414 990 3456; x_wconf 87' lang='lat' dir='ltr'>et</span> <span class='ocrx_word' id='word_1_157' title='bbox 1001 3407 1148 3457; x_wconf 79' lang='lat' dir='ltr'>tabularum</span> <span class='ocrx_word' id='word_1_158' title='bbox 1164 3408 1269 3462; x_wconf 87' lang='lat' dir='ltr'>numeri</span> <span class='ocrx_word' id='word_1_159' title='bbox 1281 3413 1467 3459; x_wconf 72' lang='lat' dir='ltr'><strong>memorantur.</strong></span> 
     </span>
    </p>
   </div>
   <div class='ocr_carea' id='block_1_12' title="bbox 171 3525 1468 3677">
    <p class='ocr_par' dir='ltr' id='par_1_12' title="bbox 171 3525 1468 3677">
     <span class='ocr_line' id='line_1_25' title="bbox 290 3525 1468 3590; baseline 0.003 -16"><span class='ocrx_word' id='word_1_160' title='bbox 290 3526 339 3575; x_wconf 88' lang='lat'>111.</span> <span class='ocrx_word' id='word_1_161' title='bbox 362 3527 476 3577; x_wconf 71' lang='lat' dir='ltr'>servavit</span> <span class='ocrx_word' id='word_1_162' title='bbox 493 3531 596 3590; x_wconf 77' lang='lat' dir='ltr'>praeter</span> <span class='ocrx_word' id='word_1_163' title='bbox 613 3526 734 3576; x_wconf 82' lang='lat' dir='ltr'>Aldinam</span> <span class='ocrx_word' id='word_1_164' title='bbox 752 3526 808 3576; x_wconf 85' lang='lat' dir='ltr'>eod.</span> <span class='ocrx_word' id='word_1_165' title='bbox 826 3525 940 3574; x_wconf 81' lang='lat' dir='ltr'>Estenoie</span> <span class='ocrx_word' id='word_1_166' title='bbox 953 3526 1005 3588; x_wconf 83' lang='lat' dir='ltr'>(E),</span> <span class='ocrx_word' id='word_1_167' title='bbox 1028 3526 1102 3575; x_wconf 77' lang='lat' dir='ltr'>euius</span> <span class='ocrx_word' id='word_1_168' title='bbox 1125 3526 1153 3575; x_wconf 88' lang='lat' dir='ltr'>in</span> <span class='ocrx_word' id='word_1_169' title='bbox 1175 3527 1252 3577; x_wconf 85' lang='lat' dir='ltr'>titulo</span> <span class='ocrx_word' id='word_1_170' title='bbox 1274 3527 1367 3576; x_wconf 76' lang='lat' dir='ltr'>desunt</span> <span class='ocrx_word' id='word_1_171' title='bbox 1385 3526 1468 3578; x_wconf 81' lang='lat' dir='ltr'>verba</span> 
     </span>
     <span class='ocr_line' id='line_1_26' title="bbox 171 3605 410 3677; baseline 0.004 -16"><span class='ocrx_word' id='word_1_172' title='bbox 171 3618 174 3624; x_wconf 89' lang='lat'>&#39;</span> <span class='ocrx_word' id='word_1_173' title='bbox 211 3614 256 3661; x_wconf 90' lang='grc' dir='ltr'>καί</span> <span class='ocrx_word' id='word_1_174' title='bbox 275 3605 410 3677; x_wconf 83' lang='grc' dir='ltr'>δράματα.</span> 
     </span>
    </p>
   </div>
   <div class='ocr_carea' id='block_1_13' title="bbox 210 3728 1504 4392">
    <p class='ocr_par' dir='ltr' id='par_1_13' title="bbox 210 3728 1504 4306">
     <span class='ocr_line' id='line_1_27' title="bbox 295 3728 1466 3792; baseline -0.001 -12"><span class='ocrx_word' id='word_1_175' title='bbox 295 3731 342 3781; x_wconf 84' lang='lat' dir='ltr'>IV.</span> <span class='ocrx_word' id='word_1_176' title='bbox 360 3730 463 3781; x_wconf 82' lang='lat' dir='ltr'><strong>Scholia</strong></span> <span class='ocrx_word' id='word_1_177' title='bbox 473 3731 536 3780; x_wconf 83' lang='lat' dir='ltr'>haee</span> <span class='ocrx_word' id='word_1_178' title='bbox 548 3730 634 3781; x_wconf 76' lang='lat' dir='ltr'>omnia</span> <span class='ocrx_word' id='word_1_179' title='bbox 644 3728 821 3791; x_wconf 78' lang='lat' dir='ltr'><strong>Melampodis,</strong></span> <span class='ocrx_word' id='word_1_180' title='bbox 834 3728 856 3777; x_wconf 84' lang='lat' dir='ltr'>si</span> <span class='ocrx_word' id='word_1_181' title='bbox 867 3728 950 3779; x_wconf 85' lang='lat' dir='ltr'>oodioi</span> <span class='ocrx_word' id='word_1_182' title='bbox 960 3729 1164 3792; x_wconf 78' lang='lat' dir='ltr'>Hamburgenei,</span> <span class='ocrx_word' id='word_1_183' title='bbox 1178 3730 1317 3791; x_wconf 78' lang='lat' dir='ltr'>Diomedis,</span> <span class='ocrx_word' id='word_1_184' title='bbox 1330 3730 1352 3779; x_wconf 83' lang='lat' dir='ltr'>si</span> <span class='ocrx_word' id='word_1_185' title='bbox 1364 3730 1466 3780; x_wconf 88' lang='lat' dir='ltr'>Burbo-</span> 
     </span>
     <span class='ocr_line' id='line_1_28' title="bbox 210 3800 1466 3878; baseline 0.002 -14"><span class='ocrx_word' id='word_1_186' title='bbox 210 3815 268 3865; x_wconf 90' lang='lat' dir='ltr'>nioo</span> <span class='ocrx_word' id='word_1_187' title='bbox 280 3817 369 3866; x_wconf 76' lang='lat' dir='ltr'>eredas</span> <span class='ocrx_word' id='word_1_188' title='bbox 385 3815 428 3878; x_wconf 85' lang='lat' dir='ltr'>(oi.</span> <span class='ocrx_word' id='word_1_189' title='bbox 440 3816 645 3866; x_wconf 73' lang='lat' dir='ltr'>Horoehelmenn</span> <span class='ocrx_word' id='word_1_190' title='bbox 656 3815 695 3863; x_wconf 90' lang='lat' dir='ltr'>De</span> <span class='ocrx_word' id='word_1_191' title='bbox 708 3814 827 3876; x_wconf 78' lang='lat' dir='ltr'>Dionysii</span> <span class='ocrx_word' id='word_1_192' title='bbox 838 3813 1024 3876; x_wconf 78' lang='lat' dir='ltr'>interpretibus</span> <span class='ocrx_word' id='word_1_193' title='bbox 1035 3830 1061 3878; x_wconf 92' lang='lat' dir='ltr'>p.</span> <span class='ocrx_word' id='word_1_194' title='bbox 1071 3816 1104 3865; x_wconf 83' lang='lat'>26</span> <span class='ocrx_word' id='word_1_195' title='bbox 1114 3830 1170 3877; x_wconf 81' lang='lat' dir='ltr'><strong>sqq.</strong></span> <span class='ocrx_word' id='word_1_196' title='bbox 1182 3820 1208 3864; x_wconf 87' lang='lat' dir='ltr'>et</span> <span class='ocrx_word' id='word_1_197' title='bbox 1217 3800 1384 3865; x_wconf 78' lang='lat' dir='ltr'>Waoh&#39;smuth</span> <span class='ocrx_word' id='word_1_198' title='bbox 1396 3814 1466 3866; x_wconf 79' lang='lat' dir='ltr'>Mus.</span> 
     </span>
     <span class='ocr_line' id='line_1_29' title="bbox 210 3898 1466 3966; baseline 0 -16"><span class='ocrx_word' id='word_1_199' title='bbox 210 3901 293 3950; x_wconf 87' lang='lat' dir='ltr'>Rhen.</span> <span class='ocrx_word' id='word_1_200' title='bbox 306 3901 362 3950; x_wconf 88' lang='lat' dir='ltr'>XX</span> <span class='ocrx_word' id='word_1_201' title='bbox 373 3903 434 3966; x_wconf 82' lang='lat'>370)</span> <span class='ocrx_word' id='word_1_202' title='bbox 453 3900 534 3950; x_wconf 83' lang='lat' dir='ltr'>edidit</span> <span class='ocrx_word' id='word_1_203' title='bbox 547 3900 682 3949; x_wconf 81' lang='lat' dir='ltr'>Bekkerus</span> <span class='ocrx_word' id='word_1_204' title='bbox 694 3898 744 3948; x_wconf 84' lang='lat' dir='ltr'>An.</span> <span class='ocrx_word' id='word_1_205' title='bbox 755 3913 792 3960; x_wconf 79' lang='lat' dir='ltr'>gr.</span> <span class='ocrx_word' id='word_1_206' title='bbox 806 3914 833 3961; x_wconf 86' lang='lat' dir='ltr'>p.</span> <span class='ocrx_word' id='word_1_207' title='bbox 846 3901 895 3949; x_wconf 78' lang='lat'>744</span> <span class='ocrx_word' id='word_1_208' title='bbox 905 3914 960 3962; x_wconf 80' lang='lat' dir='ltr'>sqq.</span> <span class='ocrx_word' id='word_1_209' title='bbox 978 3915 992 3948; x_wconf 93' lang='lat' dir='ltr'>e</span> <span class='ocrx_word' id='word_1_210' title='bbox 1010 3900 1097 3950; x_wconf 85' lang='lat' dir='ltr'>oodioe</span> <span class='ocrx_word' id='word_1_211' title='bbox 1109 3899 1328 3965; x_wconf 77' lang='lat' dir='ltr'>H(emburgenei)‚</span> <span class='ocrx_word' id='word_1_212' title='bbox 1347 3900 1466 3950; x_wconf 82' lang='lat' dir='ltr'>adhibito</span> 
     </span>
     <span class='ocr_line' id='line_1_30' title="bbox 210 3983 1467 4049; baseline 0.001 -15"><span class='ocrx_word' id='word_1_213' title='bbox 210 3986 287 4035; x_wconf 82' lang='lat' dir='ltr'>simul</span> <span class='ocrx_word' id='word_1_214' title='bbox 305 3986 341 4049; x_wconf 89' lang='lat' dir='ltr'>(p.</span> <span class='ocrx_word' id='word_1_215' title='bbox 362 3988 428 4038; x_wconf 82' lang='grc'>1166</span> <span class='ocrx_word' id='word_1_216' title='bbox 437 3987 495 4049; x_wconf 74' lang='lat' dir='ltr'>sqq)</span> <span class='ocrx_word' id='word_1_217' title='bbox 517 3986 586 4035; x_wconf 91' lang='lat' dir='ltr'>libro</span> <span class='ocrx_word' id='word_1_218' title='bbox 603 3983 729 4034; x_wconf 82' lang='lat' dir='ltr'>Vetioeuo</span> <span class='ocrx_word' id='word_1_219' title='bbox 746 3985 770 4032; x_wconf 91' lang='lat' dir='ltr'>D</span> <span class='ocrx_word' id='word_1_220' title='bbox 795 3983 837 4046; x_wconf 83' lang='lat' dir='ltr'>(ci.</span> <span class='ocrx_word' id='word_1_221' title='bbox 860 4001 884 4048; x_wconf 87' lang='lat' dir='ltr'>p.</span> <span class='ocrx_word' id='word_1_222' title='bbox 905 3985 994 4047; x_wconf 83' lang='lat'>1162);</span> <span class='ocrx_word' id='word_1_223' title='bbox 1026 4001 1040 4034; x_wconf 90' lang='lat' dir='ltr'>e</span> <span class='ocrx_word' id='word_1_224' title='bbox 1064 3985 1150 4034; x_wconf 83' lang='lat' dir='ltr'>codiee</span> <span class='ocrx_word' id='word_1_225' title='bbox 1171 3984 1374 4035; x_wconf 78' lang='lat' dir='ltr'>Dermotudieuoi</span> <span class='ocrx_word' id='word_1_226' title='bbox 1390 3985 1425 4034; x_wconf 89' lang='lat' dir='ltr'>W</span> <span class='ocrx_word' id='word_1_227' title='bbox 1449 4000 1467 4035; x_wconf 79' lang='lat' dir='ltr'><strong>a</strong></span> 
     </span>
     <span class='ocr_line' id='line_1_31' title="bbox 210 4064 1464 4136; baseline -0.002 -16"><span class='ocrx_word' id='word_1_228' title='bbox 210 4071 326 4120; x_wconf 82' lang='lat' dir='ltr'>Weriero</span> <span class='ocrx_word' id='word_1_229' title='bbox 344 4071 474 4136; x_wconf 79' lang='lat' dir='ltr'>descripte</span> <span class='ocrx_word' id='word_1_230' title='bbox 490 4072 530 4122; x_wconf 90' lang='lat' dir='ltr'>ed.</span> <span class='ocrx_word' id='word_1_231' title='bbox 549 4071 627 4121; x_wconf 80' lang='lat' dir='ltr'>Sturz</span> <span class='ocrx_word' id='word_1_232' title='bbox 645 4070 685 4120; x_wconf 90' lang='lat' dir='ltr'>Et.</span> <span class='ocrx_word' id='word_1_233' title='bbox 704 4069 771 4119; x_wconf 83' lang='lat' dir='ltr'>Gud.</span> <span class='ocrx_word' id='word_1_234' title='bbox 790 4084 815 4132; x_wconf 90' lang='lat' dir='ltr'>p.</span> <span class='ocrx_word' id='word_1_235' title='bbox 829 4071 892 4133; x_wconf 90' lang='grc'>666,</span> <span class='ocrx_word' id='word_1_236' title='bbox 919 4068 964 4117; x_wconf 89' lang='lat' dir='ltr'>ubi</span> <span class='ocrx_word' id='word_1_237' title='bbox 982 4084 1117 4132; x_wconf 80' lang='lat' dir='ltr'>perperam</span> <span class='ocrx_word' id='word_1_238' title='bbox 1135 4064 1220 4119; x_wconf 66' lang='lat' dir='ltr'>omniu</span> <span class='ocrx_word' id='word_1_239' title='bbox 1237 4071 1270 4119; x_wconf 83' lang='lat' dir='ltr'>ed</span> <span class='ocrx_word' id='word_1_240' title='bbox 1287 4068 1464 4131; x_wconf 87' lang='lat' dir='ltr'>Porphyrium</span> 
     </span>
     <span class='ocr_line' id='line_1_32' title="bbox 210 4152 1504 4218; baseline -0.002 -12"><span class='ocrx_word' id='word_1_241' title='bbox 210 4161 339 4206; x_wconf 80' lang='lat' dir='ltr'>auctorem</span> <span class='ocrx_word' id='word_1_242' title='bbox 357 4159 518 4216; x_wconf 64' lang='lat' dir='ltr'>referuntum</span> <span class='ocrx_word' id='word_1_243' title='bbox 536 4157 569 4205; x_wconf 84' lang='lat' dir='ltr'>oi.</span> <span class='ocrx_word' id='word_1_244' title='bbox 586 4153 722 4217; x_wconf 79' lang='lat' dir='ltr'>fflilgerd</span> <span class='ocrx_word' id='word_1_245' title='bbox 739 4153 777 4202; x_wconf 87' lang='lat' dir='ltr'>De</span> <span class='ocrx_word' id='word_1_246' title='bbox 790 4153 862 4202; x_wconf 82' lang='lat' dir='ltr'>Artis</span> <span class='ocrx_word' id='word_1_247' title='bbox 878 4168 984 4216; x_wconf 75' lang='lat' dir='ltr'>gramm.</span> <span class='ocrx_word' id='word_1_248' title='bbox 1002 4153 1034 4202; x_wconf 85' lang='lat' dir='ltr'>eb</span> <span class='ocrx_word' id='word_1_249' title='bbox 1046 4154 1123 4204; x_wconf 89' lang='lat' dir='ltr'>Dion.</span> <span class='ocrx_word' id='word_1_250' title='bbox 1135 4155 1196 4205; x_wconf 80' lang='lat' dir='ltr'>Thr.</span> <span class='ocrx_word' id='word_1_251' title='bbox 1214 4154 1368 4218; x_wconf 70' lang='lat' dir='ltr'>compositae</span> <span class='ocrx_word' id='word_1_252' title='bbox 1383 4152 1464 4203; x_wconf 88' lang='lat' dir='ltr'>iuter-</span> <span class='ocrx_word' id='word_1_253' title='bbox 1499 4197 1504 4204; x_wconf 95' lang='lat'><em>.</em></span> 
     </span>
     <span class='ocr_line' id='line_1_33' title="bbox 210 4239 921 4306; baseline -0.003 -15"><span class='ocrx_word' id='word_1_254' title='bbox 210 4242 405 4306; x_wconf 79' lang='lat' dir='ltr'>pretationibue.</span> <span class='ocrx_word' id='word_1_255' title='bbox 440 4243 529 4305; x_wconf 79' lang='lat' dir='ltr'>Progr.</span> <span class='ocrx_word' id='word_1_256' title='bbox 547 4239 667 4292; x_wconf 87' lang='lat' dir='ltr'>Heidelb.</span> <span class='ocrx_word' id='word_1_257' title='bbox 688 4241 754 4290; x_wconf 82' lang='lat'>1880</span> <span class='ocrx_word' id='word_1_258' title='bbox 772 4255 798 4303; x_wconf 91' lang='lat' dir='ltr'>p.</span> <span class='ocrx_word' id='word_1_259' title='bbox 811 4241 843 4289; x_wconf 83' lang='lat'>23</span> <span class='ocrx_word' id='word_1_260' title='bbox 861 4239 921 4289; x_wconf 79' lang='lat' dir='ltr'><strong>adn.</strong></span> 
     </span>
    </p>

    <p class='ocr_par' dir='ltr' id='par_1_14' title="bbox 295 4319 1466 4392">
     <span class='ocr_line' id='line_1_34' title="bbox 295 4319 1466 4392; baseline -0.005 -14"><span class='ocrx_word' id='word_1_261' title='bbox 295 4330 312 4378; x_wconf 90' lang='lat'>4</span> <span class='ocrx_word' id='word_1_262' title='bbox 333 4329 350 4392; x_wconf 74' lang='grc' dir='ltr'><em>ἢ</em></span> <span class='ocrx_word' id='word_1_263' title='bbox 369 4322 527 4377; x_wconf 67' lang='grc' dir='ltr'>δεδοικότας</span> <span class='ocrx_word' id='word_1_264' title='bbox 545 4331 571 4376; x_wconf 83' lang='lat' dir='ltr'>et</span> <span class='ocrx_word' id='word_1_265' title='bbox 588 4328 604 4376; x_wconf 84' lang='lat'>5</span> <span class='ocrx_word' id='word_1_266' title='bbox 623 4319 725 4391; x_wconf 65' lang='grc' dir='ltr'>ἄνδρας</span> <span class='ocrx_word' id='word_1_267' title='bbox 746 4324 805 4373; x_wconf 81' lang='lat' dir='ltr'>odd.</span> <span class='ocrx_word' id='word_1_268' title='bbox 823 4325 846 4372; x_wconf 92' lang='lat' dir='ltr'>D</span> <span class='ocrx_word' id='word_1_269' title='bbox 932 4324 948 4373; x_wconf 81' lang='lat'>5</span> <span class='ocrx_word' id='word_1_270' title='bbox 973 4323 1148 4390; x_wconf 74' lang='grc' dir='ltr'>ίναγομίνοισ</span> <span class='ocrx_word' id='word_1_271' title='bbox 1164 4323 1226 4372; x_wconf 91' lang='lat' dir='ltr'>HW</span> <span class='ocrx_word' id='word_1_272' title='bbox 1312 4325 1327 4373; x_wconf 92' lang='grc'>6</span> <span class='ocrx_word' id='word_1_273' title='bbox 1351 4323 1466 4391; x_wconf 76' lang='grc' dir='ltr'><em>ἢπαρὰ</em></span> 
     </span>
    </p>
   </div>
   <div class='ocr_carea' id='block_1_14' title="bbox 0 0 1580 5018">
    <p class='ocr_par' dir='ltr' id='par_1_15' title="bbox 0 0 1580 5018">
     <span class='ocr_line' id='line_1_35' title="bbox 0 0 1580 5018; baseline 0 1"><span class='ocrx_word' id='word_1_274' title='bbox 0 0 1580 5018; x_wconf 95' lang='lat' dir='ltr'> </span> 
     </span>
    </p>
   </div>
  </div>
 </body>
</html>
