3150 5018
168 291 209 352 20
593 292 993 346 υυυουουοιιυιιιπυι

167 474 235 532 τῶν
257 463 368 532 άλλων
391 466 499 530 ἐθνῶν
522 478 638 544 σοφοῖς
660 460 815 547 ἀνδράσιν
838 465 873 542 ἐξ
888 461 1025 530 ἑκάστου
1042 452 1162 542 ἔθνους
1176 461 1235 547 τήν
1249 488 1283 529 τε
1298 470 1427 530 οἰκείαν
1442 473 1475 524 15

167 565 282 651 φωνὴν
303 564 364 650 τηύ
385 591 420 631 τε
441 573 509 631 τῶν
525 563 688 648 Ἑλλήνων
710 573 819 644 καλῶς
840 562 938 631 είδόσι
959 563 1017 644 τὰς
1039 568 1073 646 ἐξ
1094 563 1233 633 ἑκάστου
1248 569 1429 650 ἐγχειρίσας

167 667 275 748 οὕτως
296 670 532 753 λρμηνευθῆναι
554 665 654 746 αὐτάς
676 673 850 751 πεποίηκεν
873 673 918 746 είς
938 665 998 750 τὴν
1016 666 1153 736 Ἑλλάδα
1174 676 1340 749 γλῶτταν·
1368 665 1429 759 ὅτε

167 770 204 856 δὴ
226 778 281 837 καί
302 768 360 849 τὰς
381 779 449 836 τῶν
465 768 622 853 Ἐβραίων
649 766 701 834 διὰ
722 777 790 834 τῶν
811 767 1031 853 ἑβδομήκοντα
1053 774 1287 854 ἑρμηνευθῆναι
1310 778 1427 837 πεποί·

167 896 252 959 ηκεν.
298 869 387 952 οὕτω
415 876 475 951 μὲν
504 867 566 938 οὖν
596 879 821 953 μετενεχθῆναι
850 868 908 950 τὰς
936 881 1003 937 τῶν
1030 870 1142 938 ἄλλων
1165 874 1274 939 ἐθνῶν
1296 877 1340 950 είς
1361 870 1427 956 τὴν

160 974 295 1047 Ἑλλάδα
327 971 442 1056 φωνην
474 979 645 1056 πεποίηκε·
676 971 733 1052 τὰς
766 975 799 1038 δέ
830 997 864 1053 χε
896 970 1048 1056 σκηνικάς
1066 971 1270 1059 Ἀλέξανδρός
1297 999 1341 1056 τε,
1377 974 1474 1054 ώςυθ

165 1082 270 1162 ἔφθην
297 1073 407 1157 είπώυ,
440 1081 494 1140 καί
522 1071 709 1159 Λυκόφρων
737 1071 980 1157 διωρθώσαντο,
1013 1074 1071 1154 τάς
1103 1082 1136 1143 δὲ
1165 1072 1221 1163 [χε]
1251 1075 1427 1160 ποιητικὰς

165 1177 345 1265 Ζηνόδοτος
366 1187 500 1262 πρῶτον
529 1183 583 1243 καί
604 1174 742 1260 ὕστερον
760 1175 960 1261 Ἀρίσταρχος
989 1177 1234 1260 διωρθώσαντο.
1279 1184 1327 1246 22.
1351 1188 1428 1246 καί·

164 1308 216 1350 τοι
243 1280 301 1360 τὰς
323 1276 493 1364 Ὁμηρικὰς
521 1275 743 1362 ἑβδομήκοντα
771 1275 832 1344 δόο
861 1286 1074 1362 γραμματικοί
1107 1283 1158 1345 ἐπί
1186 1279 1427 1365 Πεισιστράτου

165 1392 227 1451 τοῦ
243 1382 426 1471 Ἀθηναίωνν
442 1378 610 1465 τυράννου
632 1383 784 1463 διέθηκαν
806 1377 929 1446 οὑτωσί
951 1379 1117 1466 σποράδην
1139 1380 1238 1462 οόσας
1264 1381 1303 1448 τὸ
1325 1393 1427 1467 πρίν·

165 1489 378 1570 ἐπεκρίθησαν
400 1489 432 1550 δὲ
454 1481 532 1548 κατ’
554 1478 655 1548 αὐτὸν
684 1484 809 1547 ἐκεῖνον
835 1479 895 1548 τὸν
914 1480 1032 1568 Ικαιρόν
1058 1482 1120 1549 ὑπ’
1140 1483 1342 1569 Ἀριστάρχου
1366 1493 1472 1553 καίῖὸ

164 1585 359 1671 Ζηνοδότου,
392 1579 504 1653 άλλων
530 1582 639 1650 ὄντων
665 1579 795 1649 τούτων
822 1592 889 1650 τῶν
918 1587 969 1650 ἐπί
990 1592 1194 1665 Πτολεμαίου
1216 1587 1426 1672 διορθωσάν-

163 1713 242 1755 των.
265 1693 299 1754 οἳ
320 1693 352 1754 δὲ
374 1691 523 1770 τέσσαρσί
543 1703 606 1752 τισι
627 1683 687 1768 τὴν
710 1687 761 1750 ἐπί
783 1684 1015 1769 Πεισιστράτου
1037 1685 1214 1770 διόρθωσιν
1235 1688 1427 1774 άναφίρου·

102 1824 104 1829 ·
165 1810 227 1873 σιν,
245 1789 348 1875 Ὀρφεῖ
355 1785 586 1873 Κροτωνιάτηι,
601 1784 761 1872 Ζωπόρωι
771 1785 995 1871 Ἡρακλεώτηι,
1012 1787 1236 1873 Ὀνομακρίτωι
1246 1791 1426 1875 Ἀθηναίωι

163 1900 217 1959 καί
241 1890 478 1973 Ἑπικοχκόλωι.
525 1895 574 1955 23.
605 1887 741 1972 ὕστερον
764 1887 801 1974 δὴ
823 1886 943 1969 ταότας
971 1888 1097 1970 ἁπάσας
1126 1891 1278 1976 σκηνικάς
1306 1919 1341 1958 τε
1362 1904 1424 1962 καί

165 1991 332 2078 ποιητικάς
368 2002 511 2059 πλεῖστοι
548 1989 761 2075 ἐξηγήσαντο,
797 1994 947 2074 Δίδυμος,
996 1991 1149 2077 Τρύφων,
1192 1993 1468 2081 Ἀπολλώνιος,30

159 2093 378 2181 Ἡρωιδιανός,
400 2104 600 2173 Πτολεμαῖος
617 2093 864 2176 Ἀσκαλωνίτης,
893 2101 947 2160 καί
969 2099 1000 2161 ol
1022 2093 1199 2178 φιλόσοφοι
1216 2095 1423 2183 Πορφόριος,

162 2194 374 2281 Πλούταρχος
395 2203 450 2262 καὶ
470 2193 636 2280 Πρόκλος,
671 2194 716 2274 ὡς
737 2202 792 2261 καί
814 2194 879 2280 πρὸ
901 2196 1011 2263 ου’τῶυ
1033 2194 1168 2263 πάντων
1191 2197 1420 2284 Ἀριστοτέλης.

247 2318 277 2378 11
299 2321 347 2382 24.
372 2317 417 2380 ἔτι
432 2317 538 2381 ίστὲου
560 2311 611 2380 ότι
632 2312 651 2399 ἡ
669 2311 782 2399 πρώτη
796 2320 972 2397 κωμωιδία,
994 2310 1031 2397 ἧς
1045 2313 1085 2381 τὰ
1101 2314 1276 2396 σκώμματα
1291 2321 1423 2406 φανερὰ

162 2414 244 2484 κατά
259 2414 394 2483 πάντων
408 2412 490 2500 ἦσαν
505 2423 660 2497 πολιτῶν,
682 2419 771 2500 με’χρι
786 2413 969 2494 Εὐπόλιδος
983 2415 1153 2501 διήρκεσεν.
1176 2421 1252 2485 ’ἐπεί
1268 2425 1300 2487 δὲ
1315 2417 1421 2505 οὗτος

161 2526 205 2597 είς
216 2515 413 2601 Ἀλκιβιάδην
429 2515 559 2603 ὕβρισεν
582 2515 662 2584 ὄντα
678 2515 750 2583 τότε
765 2517 943 2601 στρατηγὸν
958 2525 1012 2584 καί
1028 2518 1285 2606 διελοιδορησατο
1301 2523 1420 2610 αότῶι,
1433 2536 1465 2586 35

161 2609 210 2687 ῶν
231 2619 305 2686 τότε
321 2618 515 2702 Ἀλκιβιάδης
537 2617 779 2703 ἐμπαράσκευος
801 2617 883 2703 πρὸς
898 2618 1041 2700 πόλεμον
1062 2620 1107 2700 ὡς
1123 2632 1300 2706 ναυμαχίας
1314 2648 1420 2711 προσ-

161 2726 346 2806 δοκωμένης
367 2719 488 2787 κελεόει
510 2737 580 2800 τοῖς
602 2719 812 2807 στρατιώταις
834 2730 1007 2801 συλλαβεῖν
1030 2723 1148 2790 αότόν·
1180 2731 1214 2793 οἳ
1241 2732 1274 2792 δὲ
1296 2738 1421 2797 συλλα-

106 2820 108 2826 Ῑ
158 2825 283 2908 βάντες,
306 2823 351 2904 ὡς
372 2828 430 2904 μέν
452 2827 535 2903 τινές
558 2843 667 2906 φασιν,
694 2833 862 2903 παντελῶς
884 2824 1064 2905 άπέπνιξαν
1086 2825 1187 2893 αὐτὸν
1209 2834 1253 2907 εἰς
1274 2827 1333 2913 τὴν
1355 2829 1419 2899 θά-

160 2938 293 3010 λασσαν,
316 2926 361 3006 ὡς
383 2925 418 2991 δ’
440 2923 545 3007 ἄλλοι,
568 2930 735 3005 δεδεμένον
752 2924 854 2992 αὐτὸν
870 2934 1002 3009 σχοίνωι
1017 2925 1139 3010 άυηχόν
1153 2954 1187 2995 τε
1202 2936 1256 2995 καί
1270 2941 1418 3016 κατῆγον

63 3026 66 3033 ⁴
160 3037 203 3109 είς
225 3028 283 3113 τὴν
305 3026 485 3110 θάλασσαν,
508 3027 550 3095 οό
570 3031 681 3107 μέντοι
703 3035 757 3095 καί
778 3028 959 3108 άπέπυιξαν
983 3039 1160 3112 παντελῶς,
1182 3040 1244 3099 τοῦ
1260 3030 1462 3113 Ἀλκιβιά·4θ

160 3139 220 3200 δου
249 3135 402 3214 λὲγοντος
425 3129 543 3210 βάπτ’
565 3132 618 3209 ἐμὲ
649 3128 689 3195 σὺ
716 3133 881 3211 θυμέλαις,
916 3127 977 3211 ἐγώ
1006 3136 1039 3196 δὲ
1068 3137 1101 3196 σὲ
1133 3133 1290 3217 ἁλμυροῖς
1317 3132 1417 3203 ὕδασι

158 3231 391 3302 κατακλόσωῖ,
422 3238 476 3297 καί
499 3226 588 3298 οὕτω
611 3229 647 3314 δὴ
671 3230 689 3315 ἢ
712 3236 949 3315 διαφθαρέντος
971 3249 1040 3311 τοῖς
1061 3231 1179 3314 κύμασι
1202 3245 1371 3316 παντελῶς
1393 3237 1415 3322 ἢ

157 3342 211 3401 καί
238 3337 476 3417 περισωθὲντος
503 3331 652 3417 ψήφισμα
682 3335 773 3400 ἔθετο
800 3333 991 3418 Ἀλκιβιάδης
1019 3340 1130 3418 μηκέτι
1156 3346 1305 3420 φανερῶς
1327 3338 1416 3407 άλλὰ

157 3445 362 3517 συμβολικῶς
390 3441 579 3514 κωμώιδεῖυ.
625 3441 674 3502 25.
704 3433 778 3502 τότε
806 3434 843 3519 δὴ
871 3434 969 3516 αὐτός
990 3463 1024 3503 τε
1046 3438 1065 3504 δ
1086 3437 1230 3518 Εὔπολις
1251 3447 1305 3506 καί
1327 3452 1415 3526 Κρα-

244 3696 276 3745 15
294 3689 324 3751 ἐξ
341 3694 458 3743 ἑκάστου
475 3689 577 3743 ἔθνους
592 3693 676 3742 om.P
739 3693 773 3743 20
792 3686 822 3741 δί
837 3710 869 3760 χε
885 3693 953 3744 MV:
977 3687 1007 3742 δὲ
1024 3694 1046 3743 Ρ
1109 3696 1140 3745 21
1160 3689 1190 3744 δί
1206 3713 1237 3763 γε
1253 3696 1323 3746 Mve·
1340 3692 1372 3747 δὲ
1391 3699 1414 3749 Ρ

209 3778 354 3842 ποιητικάς
370 3777 388 3826 i.
400 3793 423 3828 e.
435 3776 695 3841 epicorum-earmina
745 3778 779 3829 29
796 3782 843 3827 καί
860 3795 913 3847 καγ
925 3781 971 3828 ἐπί
986 3774 1107 3846 κοχκυλοι
1124 3779 1146 3827 Ρ
1152 3796 1159 3840 ;
1177 3784 1299 3842 quartum
1316 3796 1412 3833 nomen
1488 3813 1492 3819 -

156 3878 172 3914 a
189 3864 339 3927 Byzantinis
361 3865 449 3927 inepte
465 3863 567 3924 fiotum,
591 3876 679 3912 ansam
696 3861 857 3912 coniecturae
882 3865 897 3912 δ
915 3864 1008 3914 ίπικδε
1024 3857 1118 3914 κύκλου
1140 3865 1224 3925 δυδίλ;
1250 3865 1278 3914 in
1295 3866 1318 3916 P
1333 3867 1413 3920 docta

157 3948 201 3998 sed
218 3948 313 3998 infelix
330 3948 477 3999 coniectura
494 3948 616 3997 adnotata
633 3944 816 4014 ἀθηνοθωρω
835 3941 947 4011 επινλην
964 3941 1127 4014 κορδυλίοινι

241 4034 268 4082 Π
295 4034 383 4084 eadem
400 4033 490 4097 paullo
507 4031 583 4081 aliter
600 4036 705 4082 narrata
721 4048 747 4096 p.
760 4034 801 4094 28,
813 4034 841 4094 1,
860 4033 892 4081 cf.
910 4048 936 4096 p.
948 4035 973 4095 4,
985 4035 1016 4084 19
1031 4038 1057 4082 et
1074 4035 1154 4086 schol.
1172 4034 1281 4085 Aristid.
1298 4036 1339 4086 111
1357 4039 1412 4090 444

155 4117 205 4167 Di:
232 4112 308 4168 δλλοι
325 4104 355 4167 δδ
372 4111 497 4185 λέγουσιν
514 4117 559 4166 δτι
576 4110 756 4182 ίιιιομῶιδουν
774 4117 908 4182 ὀνομαστί
934 4121 996 4167 τοὺς
1014 4112 1117 4185 ἄνδρας
1131 4121 1224 4187 μίχριε
1240 4115 1410 4174 Εὐπόλιδος·

157 4197 274 4269 περιεῖλε
298 4196 327 4252 δὲ
351 4207 433 4253 τοῦτο
449 4190 621 4265 Ἀλκιβιάδην
638 4203 653 4251 δ
672 4202 823 4269 οτρατηχδε
838 4204 884 4252 καί
901 4203 1001 4270 ῥήτωρ.
1036 4199 1233 4269 κωμωιδηθείε
1254 4206 1306 4274 γὰρ
1331 4211 1412 4276 παρὰ

156 4282 311 4338 Εὐπόλιδος
327 4287 440 4355 ἔρριψεν
458 4286 544 4338 αὐτὸν
561 4286 592 4338 δν
609 4291 654 4352 τῆι
673 4281 810 4350 θαλάττηι
827 4280 883 4340 κτλ.
964 4289 999 4339 34
1017 4295 1076 4339 τῶν
1093 4283 1217 4341 πολιτῶν
1233 4291 1259 4339 V
1328 4291 1413 4345 οδτοε

153 4388 180 4436 p.
192 4373 234 4434 28,
246 4375 273 4423 1:
293 4373 374 4422 αδτδε
388 4372 463 4422 MPV
526 4374 560 4423 39
577 4372 660 4422 altera
676 4372 779 4422 tabulae
797 4372 880 4422 forma
896 4372 1036 4442 adinventa
1052 4377 1188 4437 postquam
1206 4375 1318 4438 priorem
1336 4376 1411 4428 dam·

153 4457 227 4509 navit
243 4457 432 4520 Eratosthenes,
449 4457 483 4507 of.
500 4457 533 4508 οδ
549 4472 577 4522 p.
588 4459 613 4520 4,
623 4458 656 4508 20
1466 4441 1469 4449 ’
