3150 5018
645 270 692 319 DE
709 268 888 320 COMOEDIA
906 268 1045 319 GRAECA

358 447 533 504 ΜΑΙΣΩΝ

304 563 332 622 7.
354 558 466 621 Athen.
488 558 572 620 XIV
595 560 690 621 659ιι
712 554 903 639 Χρύσιππος
931 558 966 625 δ’
995 557 1012 623 ὁ
1043 555 1225 639 φιλόσοφος
1246 553 1306 622 τὸν
1326 564 1482 635 μαίσωνα

217 657 280 725 άπὸ
315 669 376 725 τοῦ
408 668 572 739 μασᾶσθαι
606 660 705 724 οίεται
740 668 926 742 κεκλῆσθαι,
964 660 1037 727 οἷον
1074 658 1132 726 τὸν
1165 658 1276 742 άμαθῆ
1307 665 1363 725 καί
1396 657 1481 744 πρὸς

221 765 359 844 γαστέρα
381 759 566 842 νενευκότα,
597 760 729 841 α’γνοῶν
751 759 803 826 ὅτι
826 768 962 828 Μαίσων
984 765 1115 844 γέγονεν
1137 766 1321 840 κωμωιόίας
1343 759 1481 845 υποκρι-

218 861 272 945 τὴς
295 860 460 945 Μεγαρεὺς
488 861 526 927 τὸ
557 866 665 944 γένος,
699 861 737 941 ὃς
763 871 817 929 καί
840 861 876 930 τὸ
900 879 1109 948 προσωπεῖον
1132 859 1263 946 εὕρετο
1287 862 1349 929 ἀπ’
1373 863 1481 930 αὐτοῦ

218 962 423 1041 καλούμενον
452 971 599 1044 Μαίσων,
633 962 679 1043 ὡς
707 962 934 1048 Ἀριστοφάνης
967 973 1065 1050 φησίν
1097 964 1114 1030 ὃ
1142 962 1321 1047 Βυζάντιος
1354 967 1390 1032 έν
1419 975 1480 1031 τῶι

219 1074 296 1150 Περί
319 1065 519 1149 προσώπων,
542 1065 649 1150 εὑρεῖν
673 1065 776 1132 αὐτὸν
799 1065 935 1147 φάσκων
957 1073 1012 1132 καί
1026 1065 1063 1132 τὸ
1080 1076 1141 1133 τοῦ
1156 1064 1362 1148 θεράποντος
1380 1065 1481 1152 πρόσ·

220 1195 313 1236 ωπον
342 1175 396 1234 καί
419 1166 455 1234 τὸ
479 1177 540 1233 τοῦ
561 1176 726 1251 μαγείρου.
773 1175 829 1234 καί
851 1166 984 1248 εἰκότως
1012 1164 1067 1235 καί
1094 1167 1134 1236 τά
1156 1166 1287 1248 τούτοις
1309 1174 1481 1253 πρέποντα

219 1271 395 1351 σκώμματα
417 1280 560 1336 καλεῖται
582 1269 783 1339 Μαισωνικά.
801 1325 808 1339 .
825 1323 833 1338 .
851 1268 911 1337 τὸν
934 1275 967 1336 δὲ
988 1278 1147 1337 Μαίσωνα
1168 1275 1326 1350 Πολέμων
1349 1273 1386 1337 έν
1408 1287 1481 1351 τοῖς

218 1373 306 1456 Πρός
332 1381 465 1450 Τίμαιον
494 1373 528 1436 ἐκ
551 1380 618 1436 τῶν
641 1374 675 1438 έν
698 1381 842 1439 Σικελίαι
865 1380 963 1457 φησίν
992 1375 1073 1440 είναι
1095 1370 1255 1455 Μεγάρων
1281 1379 1335 1437 καί
1358 1372 1421 1439 oriz
1445 1377 1480 1438 ἐκ

217 1485 285 1542 τῶν
300 1483 452 1541 Νισαίων.
485 1474 524 1537 cf.
539 1474 675 1556 Hesych.
689 1483 864 1542 Μαίσωνα·
884 1473 1046 1558 μάγειρον.
1090 1473 1184 1541 ἄλλοι
1198 1473 1312 1557 βορόν,
1336 1473 1402 1541 α’πὸ
1417 1477 1481 1541 τοῦ

217 1586 390 1667 μασᾶσθαι.
432 1577 545 1640 Athen.
568 1576 587 1639 1.
603 1598 626 1640 s.
649 1573 790 1644 ἐκάλουν
812 1582 844 1644 oi
867 1585 999 1644 παλαιοί
1021 1575 1160 1656 τὸνμὲν
1183 1575 1350 1643 πολιτικὸν
1371 1575 1482 1659 μάγει·

219 1705 280 1764 ρον
301 1687 459 1760 μαίσωνα,
482 1676 541 1744 τὸν
565 1676 598 1744 δ’
615 1675 766 1744 ἐκτόπιον
789 1683 913 1761 τέττιγα
929 1680 1074 1762 (Hesycln
1091 1702 1114 1743 s.
1129 1682 1255 1759 τέττιξ).
1291 1689 1370 1741 recte
1385 1679 1482 1762 Chry-

220 1784 332 1863 sippus,
355 1802 410 1843 nec
431 1781 470 1843 ab
492 1781 638 1843 Maesone
659 1801 769 1843 nomen
791 1783 903 1864 accepit
924 1803 1061 1864 persona,
1083 1781 1282 1860 seductores
1303 1781 1320 1844 i.
1338 1802 1368 1862 q.
1391 1781 1482 1843 Man-

220 1885 315 1947 ducus
333 1892 379 1945 est
394 1883 552 1962 (Dieterich
567 1881 683 1946 Pulcin.
697 1904 727 1964 p.
745 1883 806 1962 87),
829 1905 884 1946 nec
905 1883 1003 1946 differt
1024 1883 1151 1945 multum
1172 1883 1210 1945 ab
1226 1883 1372 1958 Mattone,
1395 1884 1483 1946 cuius

218 1986 341 2047 heroum
363 1984 444 2066 apud
458 1985 623 2066 Spartanos
643 1984 734 2047 fuisse
748 1985 871 2047 Polemo
885 1994 1011 2047 testatur
1025 1985 1148 2063 (Athen.
1163 1985 1198 2047 H
1213 1988 1285 2049 390.
1302 1985 1352 2050 IV
1369 1988 1433 2049 173
1442 1985 1482 2063 f).

219 2089 320 2149 omitto
342 2086 508 2148 Philodemi
529 2086 561 2146 in
582 2084 747 2149 Rhetoricis
768 2087 861 2150 verba
879 2088 896 2148 I
920 2087 1163 2163 189‚1tsudh,
1185 2108 1261 2169 quae
1282 2089 1324 2149 sic
1345 2096 1381 2149 ut
1402 2087 1485 2149 edita

220 2199 294 2251 sunt
315 2188 447 2269 intellegi
469 2198 631 2269 nequeunt
668 2188 705 2249 de
719 2188 872 2250 Maesonis
894 2191 945 2271 qui
966 2189 1116 2252 ferebatur
1130 2188 1277 2253 versiculo
1300 2187 1378 2255 ἄντ’
1393 2188 1483 2272 εὐερ-

221 2297 326 2372 γεσίης
344 2289 558 2370 Ἀγαμέμνονα
582 2294 681 2372 δῆσαν
701 2289 816 2371 Ἀχαιοί
837 2290 875 2353 cf.
891 2291 1014 2354 Orusius
1029 2290 1138 2354 Philol.
1154 2291 1253 2372 suppl.
1267 2291 1328 2361 vol.
1339 2292 1391 2355 VI
1408 2295 1482 2355 275.

219 2403 348 2456 ceterum
366 2395 473 2471 Τέττιξ
493 2391 544 2452 ille
559 2391 643 2453 aliter
657 2392 824 2474 explicatur
840 2393 921 2473 apud
936 2393 1028 2457 (ilem.
1043 2393 1133 2458 Alex„
1149 2394 1245 2458 Protr.
1262 2395 1279 2455 I
1295 2398 1328 2456 1:
1346 2390 1483 2476 Ἕλλησι

220 2501 239 2560 ὅ
247 2494 254 2516 ’
267 2490 371 2564 ἐδόκει
395 2490 572 2576 ὑποκριτὴς
594 2497 759 2574 γεγονέναι
781 2503 948 2576 μουσικῆς.
985 2494 1070 2558 aliter
1084 2498 1179 2569 etiam,
1201 2517 1257 2558 nec
1271 2507 1349 2557 recte
1363 2496 1483 2577 opinor,

219 2597 369 2660 Dieterioh
390 2596 410 2658 l.
426 2618 448 2658 s.
471 2618 500 2677 p.
516 2599 565 2659 39.

365 2790 535 2850 ΤΕΑΑΗΝ
551 2785 776 2861 (ΤΟΑΥΝΟΣ)

306 2906 334 2967 8.
362 2903 462 2983 Etym.
485 2899 620 2983 genuin.'
637 2899 812 2969 Τοίάνιον·
844 2900 882 2966 τὸ
911 2900 1116 2980 καλούμενον
1138 2911 1329 2987 Κρατίνειον
1355 2907 1481 2987 μέτρον

220 3002 478 3070 πολυσόνθετον.
519 3013 661 3070 καλεῖται
688 3011 742 3069 καί
768 3001 925 3071 Τολάνισν
947 3002 1012 3070 άπὸ
1037 3014 1098 3070 τοῦ
1119 3009 1290 3090 Μεγαρέως
1316 3003 1485 3072 Τολόνου·

221 3110 285 3173 έστί
308 3111 341 3172 δὲ
364 3110 615 3189 προγενέστερος
636 3114 808 3188 Κρατίνου.
855 3107 907 3169 ubi
933 3105 1120 3189 Τείλήνειον
1141 3108 1333 3189 probabiliter
1354 3111 1486 3172 correxit

220 3208 397 3274 Meinekius.
438 3208 521 3290 quod
536 3210 562 3270 si
580 3230 685 3272 verum
707 3219 759 3284 est,
781 3230 838 3271 nec
860 3210 989 3271 comicus
1010 3209 1068 3271 fuit
1089 3220 1178 3291 poeta
1198 3231 1254 3272 nec
1269 3211 1393 3274 Cratino
1407 3213 1486 3274 anti·

101 3359 104 3363 .
221 3312 314 3392 quior.
349 3314 466 3392 Τέίίην
481 3311 560 3372 enim
574 3311 676 3373 tibicin
691 3312 749 3373 luit
763 3311 990 3392 Epaminondae
1005 3311 1137 3393 aequalis
1153 3312 1482 3400 (PlutApophthegm.

220 3414 327 3494 Epam.
351 3415 391 3476 20
419 3434 449 3494 p.
473 3415 534 3475 193
547 3412 586 3488 ft,
617 3413 648 3474 in
679 3434 765 3495 quem
798 3413 946 3476 distichon
976 3414 1091 3495 scripsit
1118 3414 1270 3478 Leonidas
1296 3415 1483 3478 Tarentinus

222 3514 272 3594 (A.
286 3515 320 3578 P.
341 3515 408 3577 VII
432 3518 514 3591 719),
537 3515 595 3580 τὸν
618 3524 745 3597 πρᾶτον
768 3513 888 3596 γνόντα
910 3525 1127 3596 γελοιομελείν
1148 3518 1165 3580 i.
1180 3539 1204 3580 e.
1227 3517 1365 3580 tibiarum
1386 3527 1483 3580 cantu

219 3638 308 3681 voces
336 3616 449 3678 alienas
477 3617 598 3679 ridicule
626 3617 738 3680 imitari.
767 3618 897 3680 carmina
917 3619 980 3680 eius
1001 3630 1202 3681 memorantur
1224 3618 1334 3682 Zenob.
1356 3619 1441 3701 vulg.
1463 3620 1484 3682 I

220 3723 270 3782 45.
292 3719 383 3781 1115
408 3720 571 3800 (μέμνηται
595 3717 698 3784 αὐτοῦ
713 3721 904 3800 Δικαίαρχος
927 3717 1162 3802 οΜεσσήνιος).
1198 3721 1237 3783 cf.
1258 3721 1482 3785 vWilamowitz

221 3820 289 3884 Ind.
305 3821 373 3884 lect.
392 3819 508 3902 Gryph.
527 3819 662 3902 1880l81
686 3842 715 3902 p.
733 3824 761 3884 8.
797 3841 908 3882 nomen
930 3831 1028 3883 autem
1054 3819 1196 3901 Τόίυνος
1216 3823 1295 3885 male
1315 3822 1420 3885 fictum
1442 3845 1483 3885 ex

222 3921 372 3986 vocabulo
398 3920 581 4003 Τσίύνειον,
604 3923 661 3984 hoo
683 3944 754 3986 vero
776 3933 948 4003 corruptum
968 3944 1006 3984 ex
1032 3920 1225 4005 Τελλήνειον.

306 4024 343 4085 de
365 4024 528 4087 Susarione
549 4046 578 4089 v.
601 4024 682 4086 infra
702 4046 767 4106 cap.
781 4025 855 4088 XV.
