3150 5018
157 262 177 318 4
582 259 628 308 nn
645 257 825 309 oononnn
841 259 981 310 aaaron
1092 236 1096 241 ’

156 439 317 516 Κρατίνου
340 436 394 495 καὶ
414 426 596 506 Εὐπόλιδος
620 432 803 505 κωμωιδίας
825 425 985 510 άφάρητοί
1011 453 1095 506 τινες
1116 414 1197 494 κατά
1219 436 1286 492 τῶν
1308 426 1411 513 ἁμαρ-

155 532 325 600 τανόντων
347 528 428 615 ἦσαν
450 535 482 597 οί
503 535 642 612 ποιηταί.
680 527 796 594 λοιπὸν
820 533 852 593 δέ
867 537 922 612 τῆς
945 535 1158 613 δημοκρατίας
1172 528 1410 614 ύποχωρούσης

155 633 222 702 ύπὸ
237 644 305 701 τῶν
320 631 401 700 κατὰ
416 630 474 711 τάς
488 629 620 714 Ἀθήνας
634 628 887 713 τυραννιῶντων
903 638 958 696 καί
971 635 1205 715 καθισταμένης
1220 631 1408 716 ὀλιγαρχίας
1420 647 1450 696 15

156 745 207 804 καί
224 731 483 816 μεταπιπτούσης
503 741 560 815 τῆς
581 734 728 812 ἐξουσίας
749 741 810 797 τοῦ
831 729 932 813 δῆμον
947 737 990 811 είς
1004 734 1137 815 ὀλίγους
1151 732 1241 813 τινάς
1263 740 1316 800 καί
1330 758 1411 818 κρα-

156 842 333 921 τυνομένης
353 845 410 919 τῆς
432 835 615 917 ὀλιγαρχίας
637 836 783 899 ένέπιπτε
810 848 880 912 τοῖς
901 852 1047 918 ποιηταῖς
1070 835 1181 916 φόβος.
1228 843 1257 897 4.
1280 834 1322 902 ου’
1344 834 1410 920 γάρ

154 939 196 1025 ἦν
221 966 293 1006 τινα
318 946 496 1022 προφανῶς
522 932 691 1017 σκώπτειν,
723 941 813 1013 δίκας
838 935 1066 1004 ἀπαιτούντων
1090 947 1159 1004 τῶν
1184 937 1410 1021 ὑβριζομένων

155 1042 242 1127 παρὰ
263 1051 331 1108 τῶν
353 1046 513 1122 ποιητῶν·
546 1040 637 1116 ἴσμεν
663 1046 745 1118 γοῦν
769 1035 828 1103 τὸν
849 1036 996 1104 Εὔπολιν
1025 1041 1076 1104 έπί
1101 1049 1160 1106 τῶι
1183 1037 1306 1119 διδάξαι
1328 1037 1411 1118 τοὺς

154 1142 285 1222 Βάπτας
299 1142 518 1222 άποπνιγέντα
541 1144 583 1216 είς
598 1137 656 1222 τῆν
673 1135 842 1205 θάλασσαν
859 1138 923 1205 ὑπ’
938 1143 1063 1207 ἐκείνου
1078 1146 1122 1220 είς
1137 1138 1175 1207 ὃν
1190 1150 1312 1224 καθῆκε
1325 1140 1407 1220 τοὺς
1418 1154 1451 1204 20

155 1246 293 1325 Βάπτας.
341 1251 368 1311 5.
393 1249 446 1308 καί
468 1240 519 1307 διά
540 1250 641 1307 τοῦτο
664 1239 873 1324 ὀκνηρότεραι
896 1239 978 1325 πρὸς
998 1241 1038 1308 τὰ
1059 1241 1234 1322 σκώμματα
1256 1246 1409 1324 έγένοντο

155 1355 208 1414 καί
230 1349 381 1413 ἐπέλιπον
405 1349 436 1411 οί
455 1350 608 1427 χορηγοί·
636 1341 677 1408 ού
698 1341 758 1424 γάρ
787 1345 834 1408 έτι
856 1351 1044 1427 προθυμίαν
1074 1347 1161 1427 εἶχον
1190 1350 1221 1412 οί
1244 1344 1410 1428 Ἀθηναῖοι

155 1448 233 1528 τούς
258 1445 419 1532 χορηγούς
447 1443 525 1523 τούς
553 1442 611 1521 τὰς
633 1442 778 1522 δαπάνας
806 1461 876 1524 τοῖς
894 1461 1064 1530 χορευταῖς
1087 1450 1284 1529 παρέχοντας
1302 1473 1410 1532 χειρο-

75 1610 82 1618 .
156 1567 272 1618 τονεῖν.
319 1548 378 1615 τὸν
406 1556 488 1628 γοῦν
510 1551 736 1611 Αίολοσίκωνα
758 1545 986 1631 Ἀριστοφάνης
1012 1552 1162 1630 ἐδίδαξεν,
1191 1547 1228 1627 ὀς
1255 1549 1316 1616 ούκ
1345 1552 1409 1632 ἔχει

155 1655 195 1720 τὰ
215 1650 331 1736 χορικά
352 1654 438 1732 μέλη.
486 1655 512 1714 6.
536 1654 604 1713 τῶν
626 1645 686 1729 γάρ
705 1657 857 1730 χορηγῶν
879 1648 922 1732 μῆ
940 1654 1240 1732 χειροτονουμένων
1259 1657 1313 1716 καί
1334 1661 1404 1718 τῶν
1416 1664 1449 1714 25

153 1764 319 1839 χορευτῶν
353 1751 414 1818 ούκ
443 1748 585 1832 έχύντων
613 1747 670 1827 τὰς
697 1747 821 1832 τροφὰς
848 1749 1041 1835 ύπεξηιρέθη
1073 1761 1129 1834 τῆς
1155 1758 1336 1831 κωμωιδίας
1365 1750 1407 1820 τέι

153 1854 268 1941 χορικά
296 1858 373 1937 μέλη
402 1860 455 1918 καί
483 1860 550 1917 τῶν
571 1848 762 1919 ὑποθέσεων
792 1851 810 1916 δ
835 1851 938 1931 τύπος
964 1852 1151 1937 μετεβλήθη.
1197 1863 1324 1922 σκοποῦ
1343 1880 1405 1941 γαρ

157 1957 254 2036 ὄντος
276 1964 326 2040 τῆι
346 1954 473 2039 άρχαίαι
494 1958 673 2030 κωμωιδίαιΙ
693 1961 755 2019 τοῦ
770 1952 929 2021 σκάπτειν
951 1954 1160 2038 δημαγωγούς
1178 1958 1233 2022 καὶ
1255 1955 1406 2037 δικαστάς

158 2067 212 2126 καί
227 2055 440 2142 στρατηγούς,
464 2060 574 2138 παρείς
597 2052 615 2119 ὃ
640 2052 864 2139 Ἀριστοφάνης
885 2065 946 2123 τοῦ
964 2055 1115 2140 συνήθως
1137 2057 1331 2140 άποσκῶφαι
1353 2058 1406 2125 διὰ

155 2160 214 2228 τὸν
235 2159 341 2226 πολύν
371 2156 477 2239 φόβον
500 2159 624 2223 Αἴολον
651 2153 690 2221 τὸ
712 2160 816 2239 δρᾶμα
843 2155 881 2223 τὸ
903 2163 1025 2242 γραφέν
1046 2173 1116 2237 τοῖς
1137 2166 1328 2243 τραγωιδοῖς
1356 2160 1447 2240 ὡςθθ

156 2273 263 2342 κακῶς
285 2265 359 2344 έχον
381 2257 531 2342 διασύρει.
580 2266 606 2324 7.
630 2267 780 2337 τοιοῦτος
802 2255 863 2325 ούν
886 2262 971 2326 ἐστιν
994 2258 1012 2325 ὃ
1034 2269 1090 2343 τῆς
1104 2264 1200 2344 μέσης
1222 2268 1406 2342 κωμωιδίας

154 2365 257 2443 ,τύπος
280 2350 350 2443 οίός
372 2366 458 2429 έστιν
481 2360 500 2427 ὁ
524 2365 730 2426 Αίολοσίκων
751 2359 1002 2443 Ἀριστοφάνους
1024 2369 1078 2426 καί
1100 2368 1132 2429 ol
1155 2362 1307 2442 Ὀδυσσεῖς
1322 2375 1406 2448 Κρα-

155 2475 248 2534 τίνου
274 2474 328 2532 καί
350 2475 483 2531 πλεῖστα
505 2471 573 2529 τῶν
595 2470 743 2527 παλαιῶν
767 2460 938 2544 δραμάτων
969 2461 1044 2530 ούτε
1062 2463 1179 2547 χορικά
1207 2464 1282 2531 ούτε
1304 2491 1405 2550 παρα-

154 2566 262 2649 βάσεις
297 2566 449 2650 έχονταΙΙ
473 2571 501 2628 8.
530 2561 708 2647 παράβασις
743 2567 775 2629 δέ
808 2566 872 2629 ε’στι
899 2563 938 2631 τὸ
969 2575 1118 2632 τοιοῦτο·
1153 2565 1231 2644 μετά
1259 2565 1297 2633 τὸ
1325 2568 1405 2646 τούς

99 2752 102 2756 ⁴
151 2666 332 2753 7ὑποκριτάς
359 2676 420 2735 τοῦ
447 2663 580 2750 πρῶτον
608 2670 727 2749 μέρους
752 2670 983 2750 πληρωθέντος
1012 2666 1076 2733 άπὸ
1104 2677 1159 2751 τῆς
1181 2678 1298 2751 σκηνῆς
1324 2668 1442 2735 ἀνα-35

153 2781 311 2855 χωρῆσαι,
327 2769 379 2849 ὡς
400 2768 441 2836 άν
462 2767 503 2852 μὴ
527 2765 565 2834 τὸ
581 2772 721 2851 θέατρον
743 2767 844 2852 άργὸν
865 2766 898 2853 ἧι
919 2776 973 2835 καί
995 2768 1014 2834 ὃ
1032 2775 1130 2852 δῆμος
1153 2769 1251 2853 α’ργὸς
1272 2776 1412 2855 καθέζη-

154 2900 221 2956 ται,
246 2872 265 2939 ὃ
276 2870 376 2957 χορὸς
398 2870 459 2937 ούκ
482 2873 563 2952 ἔχων
586 2869 667 2954 πρὸς
682 2869 759 2949 τούς
774 2870 953 2955 ύποκριτὰς
975 2875 1173 2951 διαλέγεσθαι
1190 2871 1403 2957 α’πόστροφον

155 2980 293 3042 ἐποιεῖτο
317 2972 398 3059 πρὸς
412 2971 472 3039 τὸν
488 2979 608 3055 δῆμον·
629 2971 710 3038 κατά
726 2978 758 3038 δέ
773 2971 831 3055 τὴν
846 2971 1057 3056 άπόστροφον
1079 2975 1203 3057 ἐκείνην
1225 2978 1257 3040 οἱ
1273 2981 1404 3056 ποιηταὶ

155 3077 206 3145 διά
228 3086 291 3144 τοῦ
309 3085 415 3160 χοροῦ
440 3073 459 3157 ἢ
483 3073 563 3158 ύπέρ
585 3077 711 3140 έαυτῶν
733 3074 955 3154 άπελογοῦντο
983 3073 1002 3158 ἢ
1025 3082 1096 3158 περί
1119 3081 1281 3158 δημοσίων
1304 3101 1425 3159 τραγ-ι

153 3179 266 3259 μάτων
294 3184 489 3261 εἰσηγοῦντο.
534 3174 553 3258 ῆ
583 3181 616 3242 δέ
644 3172 823 3257 παράβασις
851 3178 1032 3259 ἐπληροῦτο
1061 3174 1111 3242 διά
1138 3166 1313 3262 μελυδρίου
1345 3185 1441 3244 καίεο

154 3288 335 3360 κομματίου
364 3287 417 3344 καί
445 3286 587 3362 στροφῆς
612 3284 666 3343 καί
688 3276 908 3361 α’ντιστρόφου
937 3285 991 3343 καί
1013 3276 1226 3362 έπιρρῆματος
1253 3286 1307 3346 καί
1329 3280 1402 3347 άντ-

155 3379 368 3466 επιρρήματος
400 3386 454 3445 καί
482 3380 730 3460 άναπαίστων.ΙΙ
755 3387 781 3446 9.
811 3377 851 3445 τά
882 3385 941 3458 μέν
973 3376 1033 3463 γάρ
1066 3381 1180 3462 έχοντα
1214 3377 1273 3460 τάς
1301 3407 1402 3465 παρα-

223 3655 254 3704 15
273 3652 488 3718 τνραννιῶντων
505 3651 539 3700 E:
563 3655 775 3719 τυραννούντων
791 3651 890 3701 FGAld
942 3654 975 3703 16
993 3667 1069 3702 vavas
1086 3668 1135 3702 om.
1153 3653 1251 3703 FGAld
1304 3657 1335 3706 17
1355 3660 1402 3719 τῆς

152 3754 202 3789 om.
217 3739 240 3789 G
253 3736 385 3801 (oi.v.15)
456 3738 487 3787 17
505 3737 565 3786 fort.
584 3737 676 3786 οὐκέτι
691 3738 743 3805 γὰρ
813 3739 845 3788 19
863 3736 943 3801 ἴομεν
960 3735 1050 3788 αόνΕ
1118 3740 1151 3789 20
1168 3734 1216 3787 ὐπ’
1234 3740 1347 3788 ἐκείνων
1364 3741 1402 3788 als

153 3825 199 3874 οδε
214 3822 297 3871 Fnld.
336 3819 479 3870 Alcibiadis
496 3835 588 3878 nornen
606 3821 736 3884 omissum,
756 3837 789 3871 ne
806 3827 934 3886 pugnaret
949 3821 1062 3872 narratio
1080 3837 1139 3872 eum
1155 3823 1331 3885 Eratosthene,
1354 3824 1401 3887 qui

152 3907 267 3970 ineptam
279 3905 400 3954 tabellam
412 3905 570 3955 refutaverat
582 3905 645 3968 (Cic.
654 3907 695 3957 ad.
704 3906 758 3957 Att.
768 3907 807 3956 VI
817 3907 843 3969 1)
906 3908 940 3958 25
958 3912 1096 3973 χορευτῶν
1107 3912 1134 3956 et
1145 3909 1186 3959 25.
1196 3910 1229 3959 26
1248 3915 1306 3959 τῶν
1323 3924 1401 3977 χορη-

151 3998 211 4060 γῶν
223 3990 301 4040 codd:
319 4005 385 4039 corr.
397 3989 512 4051 Brunok,
531 3991 563 4040 oi.
575 3990 630 4040 Vit.
641 3991 722 4040 Arist.
734 4007 762 4055 p.
774 3991 922 4041 XXVIII4
934 3991 1034 4040 Duebn.
1053 3997 1112 4041 τῶν
1128 3999 1253 4060 χορηγῶν
1270 3995 1319 4043 οὐκ
1336 3995 1400 4044 ἀντ-

152 4077 275 4140 εχόντων
292 4075 361 4140 πρδε
377 4075 410 4125 τὸ
427 4085 552 4142 χορηγεῖν
621 4077 653 4127 27
674 4079 758 4126 τύπος
774 4076 809 4125 E:
834 4078 920 4126 τόπον
936 4076 1031 4139 reliqui
1053 4082 1083 4126 ut
1099 4077 1212 4139 videtur,
1242 4080 1343 4144 τρόπον
1359 4080 1399 4129 ed.

151 4159 224 4210 Basil
314 4160 346 4209 28
371 4165 406 4223 τῇ
427 4153 622 4227 δρχικωμφόίᾳ
639 4160 714 4210 Fnlo
795 4156 973 4230 δημαγωγοῦν
988 4162 1111 4226 Blaydes:
1142 4157 1243 4227 δήμους
1264 4163 1329 4213 codd

152 4245 253 4297 34-42
271 4243 334 4292 haec
351 4243 522 4294 adnotationis
538 4245 594 4294 loeo
610 4243 710 4295 mediae
726 4247 868 4297 narrationi
885 4247 1020 4297 interiecta
1086 4249 1120 4299 36
1139 4245 1262 4314 θέατρον
1274 4249 1359 4316 ἀργὸν
1371 4268 1401 4313 ηι

152 4329 243 4380 aas:
263 4316 454 4395 οιιτρωηιῇ
465 4329 528 4393 λιι)
541 4333 586 4379 ιιι
598 4330 696 4380 sanir
760 4331 888 4399 ιργοιυ
950 4333 1060 4384 aretas
1079 4331 1354 4400 οπωιροφηνεωιι

152 4416 186 4466 40
205 4409 251 4464 διὰ
268 4408 371 4472 scripsi:
397 4415 452 4466 δπδ
469 4415 535 4464 aodd
1298 4433 1307 4445 „
