3150 5018
701 281 854 332 ΤΖΕΤΖΑΕ

400 453 544 538 ἣρωικοῦ
566 448 692 534 τρόπου
713 475 748 515 τε
769 458 826 533 τῆς
846 456 1048 534 τραγοιιδλας,

402 551 625 638 σεμνοπρεπὴς
647 556 732 631 λέξις
754 576 787 616 τε
809 559 862 616 καὶ
885 557 1044 637 διηρμένη.

396 667 542 741 χρῶνται
564 659 641 721 δέκα
661 659 790 737 μέτροις
813 657 845 718 δέ
867 668 938 732 ταῖς
960 663 1174 739 τραγοιδίαις,

402 766 529 837 διπλοῖς
552 755 679 836 ἰάμβοις
700 763 754 821 καὶ
776 760 903 832 διπλοῖς
925 771 995 835 τοῖς
1016 763 1157 839 δοχμίοις

228 851 231 857 ’
343 875 386 925 190
400 868 454 928 καὶ
476 876 545 939 τοῖς
566 866 739 942 τροχαίοις,
762 872 925 939 κρητικοῖς
947 866 1001 923 καὶ
1021 858 1201 943 δακτύλοις,
1289 904 1292 909 -

399 970 602 1044 βακχειακοῖς
625 961 741 1038 ἁπλοῖς
762 983 796 1024 τε
818 964 872 1023 καὶ
894 963 1021 1039 διπλοῖς
1042 965 1136 1043 λέγω,

401 1070 455 1129 καὶ
477 1079 546 1141 τοῖς
565 1070 705 1145 χορείοις
727 1066 956 1143 προσοδιακοῖς
978 1087 1012 1127 τε
1034 1079 1103 1142 τοῖς
1124 1067 1262 1146 μέτροις,
1341 1074 1343 1078 “

403 1172 457 1230 καὶ
479 1180 549 1243 τοῖς
570 1173 897 1246 προκελευσματικοῖς
919 1161 1069 1245 ἐκόλαζον
1092 1160 1134 1230 αὖ
1155 1169 1284 1249 μέτροις

402 1272 546 1344 ἰωνικοῖς
567 1290 601 1330 τε
622 1281 693 1343 τοῖς
714 1261 861 1331 ἐλάττοσι
882 1269 973 1346 λέγω.

345 1380 389 1430 195
403 1367 634 1450 ἀναστροφαῖς
655 1372 714 1444 μέν
735 1373 789 1432 καὶ
810 1375 919 1445 μελῶν
938 1375 1081 1450 χρῶνται
1103 1365 1210 1433 στάσει

400 1485 470 1548 τοῖς
492 1470 542 1548 οἷς
565 1475 736 1547 δεκαπλοῖς
758 1478 821 1534 νῦν
844 1467 1027 1552 ἐγράψαμεν
1048 1473 1195 1553 μέτροις·

403 1574 473 1650 τοῖς
495 1577 514 1636 δ
521 1570 529 1593 '
552 1567 593 1636 αὖ
615 1577 779 1654 τροχαίοις
801 1585 965 1654 κρητικοῖς
986 1577 1040 1635 καὶ
1064 1576 1207 1652 δοχμῖοις

401 1671 514 1751 ἄλλοις
535 1697 569 1737 τε
590 1675 728 1754 μέτροις,
751 1676 842 1754 οέπερ
865 1670 1015 1754 εδδρομοι
1038 1670 1148 1754 φύσιν,

398 1781 633 1858 χορειομίκτοις
655 1772 715 1840 σὺν
739 1778 886 1851 ἰαμβείωι
906 1777 1034 1857 μέτροις

343 1887 387 1937 200
398 1884 542 1958 χρῶνται
564 1873 646 1959 πρὸς
669 1873 769 1953 αὐτας
791 1873 977 1959 συγγραφὰς
998 1883 1066 1941 τῶν
1088 1873 1272 1955 κομματοον.

400 1980 467 2043 ἐπεὶ
489 1982 521 2043 δέ
543 1976 650 2044 πάντα
672 1996 723 2043 σοι
746 1985 857 2057 σαφῶς
879 1985 942 2042 νῦν
964 1973 1079 2060 έρρέδη

400 2086 454 2145 καὶ
476 2077 708 2161 τερματοὸσθω
730 2087 908 2160 τοιγαροῦν
929 2076 967 2144 τὸ
989 2086 1126 2159 βιβλίον.

239 2319 288 2369 187
312 2323 511 2384 οιμνοπριπῶι
526 2318 614 2368 ABM:
637 2332 702 2368 corr.
719 2318 840 2367 Duebner
911 2319 959 2368 192
985 2327 1042 2368 τοτα
1058 2323 1198 2382 utrumque
1219 2334 1268 2371 om.
1286 2320 1336 2369 ΒΜ

154 2405 203 2453 193
224 2404 269 2451 καλ
288 2411 347 2452 τοτε
362 2416 412 2451 om.
430 2402 480 2452 ΒΜ
568 2402 604 2452 αδ
617 2405 727 2470 μέτροις
743 2402 779 2451 A:
811 2399 894 2452 αὖθις
908 2402 959 2452 ΒΜ
1055 2405 1104 2454 195
1123 2407 1220 2470 χρῆται
1237 2405 1315 2454 codd:
1340 2421 1404 2455 oorr.

152 2487 256 2536 FKuhn

205 4475 429 4530 κιιιιι,1·“ιιςιιι.
443 4473 504 4519 com.
519 4473 597 4518 θιιιοο,
611 4473 631 4516 Ι.
