3150 5018
202 274 263 332 134
649 274 842 331 cononum
859 274 1005 332 DORICA

199 444 266 499 satis
288 449 388 498 certam
411 444 495 499 facias
512 445 703 500 coniecturam.
738 445 788 501 sed
805 449 935 514 quoniam
957 447 986 501 in
1003 447 1074 502 libro
1093 446 1128 501 de
1145 445 1350 503 Vaticinatione
1367 446 1464 504 Philo·

199 527 298 583 chorus
320 546 375 583 una
399 545 460 584 cum
479 529 627 585 Sententiis
646 530 785 587 Oanonem
808 532 984 597 memoravit,
1006 531 1065 586 veri
1088 530 1183 585 saltem
1205 530 1294 587 simile
1312 540 1368 599 est,
1393 549 1464 602 quo·

199 614 273 668 niam
292 613 321 666 in
339 613 488 668 Sententiis
509 614 576 670 haec
597 615 647 669 vix
663 616 786 680 fuerunt,
808 631 842 670 ex
861 616 974 672 Canone
992 621 1128 684 sumptam
1151 631 1312 684 essequam
1334 618 1371 674 de
1389 634 1463 674 som·

198 698 307 753 uiorum
337 698 510 754 divinatione
539 700 694 769 Epicharmi
729 701 887 769 opinionem
916 702 1022 757 rettulit
1048 700 1232 756 Tertullianus
1261 701 1297 756 de
1320 701 1405 756 anim.
1428 707 1461 756 46

200 782 241 845 (fr.
252 786 320 847 289).
351 783 400 838 sed
418 800 478 839 eum
496 800 553 839 non
571 801 655 839 unum
673 785 726 840 hoc
739 785 860 841 Carrenis
877 793 1067 856 argumentum
1084 784 1171 840 luisse
1188 785 1285 855 possit,
1303 787 1339 842 de
1353 787 1462 856 reliqua

199 867 279 922 huius
297 867 359 922 libri
377 875 474 924 natura
490 868 559 923 nihil
576 868 695 936 affirmo,
717 887 767 925 nec
785 870 935 939 quidquam
953 870 1065 939 Epicuri
1083 870 1196 925 Oenone
1219 878 1380 941 comparato
1398 888 1461 942 pro-

197 951 297 1006 ficitur.
333 953 457 1022 sequitur
481 960 513 1008 ut
538 954 572 1008 de
595 954 743 1010 Sententiis
770 956 871 1021 dicam,
897 955 1040 1024 Axiopisti
1063 955 1215 1020 Locrensis,
1241 955 1265 1010 si
1290 954 1461 1010 Philochoro

197 1036 302 1102 credas,
326 1038 466 1106 opusculo.
502 1045 648 1107 supersunt
669 1039 743 1094 baud
765 1040 805 1095 ita
820 1055 924 1108 paucae
941 1038 977 1093 de
999 1037 1141 1094 hominum
1158 1039 1282 1095 moribus
1303 1039 1461 1095 iudieandis

197 1122 243 1176 vel
267 1122 435 1192 corrigendis
458 1124 623 1189 sententiae,
645 1125 809 1180 tetrametris
830 1123 975 1178 trochaicis
997 1130 1145 1193 conceptae
1168 1140 1277 1192 omnes,
1299 1131 1329 1179 et
1348 1124 1460 1180 dicendi

198 1213 227 1260 et
250 1207 390 1274 cogitandi
413 1223 514 1277 genere
536 1209 571 1264 ab
594 1225 659 1264 vere
681 1209 868 1278 Epicharmeis
889 1209 970 1278 plane
992 1208 1127 1264 diversae.
1163 1210 1230 1264 satis
1251 1208 1320 1264 vilia
1344 1216 1411 1264 sunt
1433 1217 1461 1264 et

198 1293 325 1361 vulgaria
346 1292 537 1364 Pythagoreas
564 1294 723 1362 disciplinae
749 1294 795 1348 vel
817 1293 969 1363 sapientiae
991 1294 1132 1363 popularis
1157 1300 1316 1363 praecepta,
1343 1293 1460 1348 saeculis

197 1377 416 1446 postchristianis
438 1379 614 1448 pervulgata,
640 1379 754 1446 dignum
778 1386 807 1434 et
828 1379 895 1434 utile
916 1384 948 1432 ut
969 1377 1080 1433 videtur
1101 1378 1204 1433 stoicae
1226 1377 1337 1434 scholae
1358 1378 1460 1433 instru-

197 1469 334 1528 mentum,
361 1463 397 1517 ad
422 1462 618 1532 Theoguideae
644 1464 761 1519 fortasse
787 1464 911 1535 syllegae
937 1463 1143 1518 similitudinem
1170 1463 1334 1518 institutum.
1375 1462 1461 1518 finxit

198 1548 280 1603 etiarn
298 1548 414 1602 amicum
432 1547 558 1603 falsarius
575 1549 611 1603 ad
629 1564 709 1617 quom
727 1548 869 1613 scriberet,
891 1548 1005 1603 alterum
1022 1554 1163 1617 tamquam
1182 1547 1317 1618 Cyrnum:
1344 1555 1460 1618 apparet

197 1632 250 1687 hoc
268 1649 302 1687 ex
320 1632 430 1687 duobus
447 1633 574 1688 versibus
591 1633 736 1688 simillimis
748 1633 790 1697 (fr.
803 1638 852 1687 272
871 1639 900 1688 et
916 1637 986 1698 274),
1008 1632 1094 1687 altero
1112 1647 1130 1686 a
1146 1630 1293 1687 Plutarcho
1316 1632 1405 1688 altero
1423 1632 1458 1687 ab

198 1715 289 1771 Gellio
307 1717 422 1772 tradite:
451 1711 485 1775 οὐ
503 1717 595 1790 λέγειν
612 1711 677 1790 τὺγ’
694 1715 757 1774 ἐσσὶ
774 1713 879 1784 δεινός,
904 1711 975 1775 ἀλλὰ
994 1721 1076 1789 σιγῆν
1093 1710 1234 1783 ἀδύνατος
1256 1722 1285 1772 et
1307 1709 1342 1774 od
1360 1713 1459 1788 φιλάν-

199 1806 321 1872 θρωπος
338 1794 404 1873 τόγ’
422 1795 501 1859 duc’·
527 1799 601 1875 ἔχεις
618 1798 724 1859 νόσον1
741 1804 850 1874 χαίρεις
867 1797 966 1868 διδούς.
1001 1801 1069 1857 haee
1086 1802 1159 1858 enim
1176 1817 1233 1857 uon
1250 1801 1279 1855 in
1295 1801 1458 1857 universum

197 1886 234 1940 ad
252 1887 379 1955 quemvis
397 1886 546 1956 legentem,
564 1888 613 1943 sed
630 1888 667 1943 ad
684 1894 786 1942 certum
805 1888 941 1956 quendam
960 1887 1098 1942 hominem
1116 1887 1217 1957 scripta
1234 1887 1372 1943 existimo.
1405 1886 1459 1943 hoc

197 1971 342 2040 Axiopisti
369 1971 529 2040 opusculum
554 1979 646 2028 utrum
672 1974 809 2042 integrum
835 1972 966 2027 manserit
991 1988 1027 2026 an
1052 1979 1175 2041 tempore
1197 1971 1350 2041 posteriorc
1374 1974 1459 2027 novis

195 2056 299 2110 additis
326 2057 470 2111 sententiis
496 2063 605 2112 auctum
632 2058 680 2124 sit,
706 2074 776 2126 quae
799 2063 841 2112 est
863 2057 944 2112 solita
970 2057 1210 2127 gnomologiorum
1236 2073 1310 2123 sors,
1336 2057 1458 2112 dubitari

195 2147 297 2209 potest.
332 2147 397 2195 sunt
413 2142 485 2195 enim
503 2159 560 2197 non
578 2159 673 2197 omnes
691 2143 843 2198 sententiae
860 2142 982 2198 eiusdem
999 2143 1140 2208 bonitatis,
1159 2142 1294 2212 quaedam
1310 2149 1368 2197 tam
1387 2143 1459 2198 viles

195 2232 307 2294 tamque
330 2227 400 2281 male
423 2241 567 2295 expressae
588 2234 619 2281 ut
640 2227 770 2296 indignae
788 2227 935 2281 videantur
956 2227 1016 2281 sive
1033 2227 1185 2296 Axiopisto
1203 2228 1263 2282 sive
1280 2226 1336 2282 alio
1355 2228 1459 2297 quovis

196 2308 307 2364 homine
329 2309 494 2366 Philochoro
517 2312 679 2381 antiquiore.
714 2312 819 2366 accedit
841 2311 916 2380 quod
938 2311 967 2365 in
989 2311 1050 2366 aliis
1071 2311 1181 2367 doricae
1204 2311 1313 2367 dialecti
1334 2313 1457 2383 vestigia

196 2394 299 2448 idonea
321 2410 372 2448 nec
390 2403 536 2464 supersunt
557 2413 608 2452 nec
625 2396 730 2451 restitui
748 2402 877 2465 possunt,
899 2395 968 2450 aliae
986 2397 1022 2451 ad
1039 2396 1106 2451 satis
1122 2411 1246 2451 severam
1263 2395 1374 2452 dialecti
1392 2414 1457 2453 nor·

195 2496 268 2533 mam
291 2486 402 2535 exactae
426 2488 497 2536 sunt.
533 2497 698 2551 quamquam
721 2497 779 2536 non
802 2480 934 2546 obstabo,
958 2481 981 2535 si
1004 2481 1065 2550 quis
1087 2481 1178 2551 ipsum
1195 2481 1377 2551 Axiopistum
1398 2499 1456 2539 non

196 2565 262 2620 satis
280 2564 333 2619 sibi
351 2565 402 2620 hac
418 2567 447 2620 in
465 2583 494 2620 re
512 2567 666 2621 constitisse
684 2566 836 2620 crediderit.

280 2651 386 2720 reliqua
403 2658 446 2706 est
463 2652 559 2706 ordino
576 2656 728 2720 postrema,
751 2650 886 2719 dignitate
903 2649 977 2704 haud
994 2649 1078 2705 dubie
1099 2649 1188 2719 prima
1210 2650 1254 2706 de·
1268 2651 1309 2707 eis
1326 2653 1456 2708 versibus

193 2736 321 2803 quaestio
341 2735 388 2805 qui
406 2743 434 2791 et
451 2736 627 2807 cogitationis
645 2741 674 2790 et
691 2735 853 2790 elocutionis
870 2735 1025 2804 granditate
1042 2751 1074 2790 ac
1091 2735 1255 2804 antiquitate
1271 2736 1312 2791 ita
1323 2738 1455 2804 eminent,

193 2827 227 2875 ut
238 2821 340 2889 dispari
357 2821 446 2890 pretio
464 2821 634 2876 aestimanda
651 2820 804 2876 videantur.
834 2836 951 2889 quorum
969 2820 1091 2874 omnium
1109 2827 1299 2890 argumentum
1316 2822 1347 2876 iu
1363 2839 1456 2877 rerum

195 2905 351 2962 hominisve
368 2912 466 2961 natura
483 2905 675 2975 cognoscenda
691 2911 822 2959 versatur.
852 2905 919 2960 haec
934 2905 1020 2975 igitur
1036 2905 1117 2960 docte
1135 2905 1272 2974 sapienter
1288 2914 1368 2962 acute
1381 2908 1457 2967 dicta

194 3008 252 3045 non
275 2991 472 3046 dubitaverunt
493 2989 550 3045 fere
573 2991 626 3044 viri
649 2991 723 3046 docti
747 2990 814 3059 quin
837 3007 871 3044 ex
893 2990 961 3058 ipsis
978 2988 1133 3059 Epicharmi
1156 2989 1259 3045 fabulis
1280 2990 1367 3059 petita
1391 2992 1455 3048 sint

195 3075 262 3128 mihi
285 3075 336 3130 hac
359 3076 394 3130 de
415 3092 445 3130 re
466 3076 628 3144 prudentius
651 3093 683 3131 ac
702 3075 804 3149 'rectius
826 3075 962 3130 iudicasse
983 3074 1094 3130 videtur
1114 3074 1344 3132 Wilamovvituius
1370 3093 1455 3146 quam

191 3160 317 3214 Dielsius
335 3160 440 3226 (Sched.
453 3161 549 3232 Sibyll.
561 3178 587 3230 p.
599 3165 641 3226 34,
655 3164 679 3225 1)
697 3167 726 3215 et
741 3158 868 3214 Rchdius
886 3158 1001 3230 (Psyche
1018 3176 1044 3228 p.
1059 3164 1127 3226 551).
1162 3159 1256 3216 docuit
1272 3160 1378 3228 primus
1396 3163 1456 3218 Wi-

193 3245 376 3300 lamowituius
393 3245 552 3314 Euripidem
576 3247 635 3301 eius
658 3246 767 3315 generis
789 3245 902 3299 novisse
923 3245 1056 3301 nonnulla
1077 3251 1106 3299 et
1127 3261 1190 3300 suas
1211 3262 1261 3316 per
1280 3245 1390 3302 fabulas
1408 3263 1455 3302 ex-

193 3331 334 3400 pressisse.
369 3347 464 3386 verum
490 3330 600 3400 quidem
623 3338 666 3386 est
687 3347 796 3386 causam
818 3330 947 3385 idoneam
971 3329 1043 3399 fingi
1068 3346 1126 3385 non
1149 3346 1231 3400 posse
1256 3347 1305 3386 cur
1325 3331 1455 3403 Euripidi

194 3415 300 3484 tragico
319 3432 335 3470 a
353 3416 496 3471 sententiis
518 3416 616 3472 comici
638 3422 738 3485 poetae
760 3422 789 3470 et
809 3415 969 3470 vetustioris
992 3421 1021 3469 et
1038 3415 1121 3470 Siculi
1142 3416 1237 3486 utique
1257 3416 1454 3472 abstinendum

194 3500 285 3555 fuerit.
321 3507 441 3556 attamen
468 3517 524 3570 quo
550 3518 615 3556 casu
641 3500 742 3555 iactum
765 3516 825 3554 esse
847 3499 1005 3569 putabimus
1031 3500 1113 3554 utin
1135 3500 1175 3555 eis
1198 3516 1268 3570 quae
1294 3517 1329 3556 eu
1350 3500 1455 3557 fabulis

193 3587 280 3655 petita
298 3603 358 3642 esse
375 3593 450 3642 certo
463 3587 563 3642 scimus
579 3585 648 3640 nihil
665 3584 753 3640 simile
770 3585 945 3653 reperiamus,
964 3600 1019 3654 quo
1031 3601 1095 3640 casu
1107 3584 1209 3640 iactum
1227 3592 1258 3640 ut
1274 3601 1290 3640 e
1307 3586 1455 3641 sententiis

194 3670 363 3726 naturalibus
380 3688 417 3726 ne
434 3688 489 3726 una
506 3671 616 3739 quidem
634 3686 695 3724 cum
707 3669 817 3724 fabulae
834 3669 945 3724 nomine
962 3669 1063 3725 tradita
1074 3669 1128 3724 sit?
1152 3670 1258 3726 accedit
1274 3669 1357 3725 aliud.
1386 3671 1454 3741 Epi-

194 3754 349 3810 charmeum
367 3763 410 3811 est
426 3756 501 3825 apud
518 3755 677 3824 Euripidem
694 3754 792 3809 Bacch.
805 3759 855 3808 276
874 3744 1006 3826 Δημήτηρ
1017 3750 1087 3811 θεά·
1105 3757 1142 3826 γῆ
1158 3748 1186 3810 δ’
1203 3752 1292 3820 ἐστίν,
1310 3750 1407 3823 ὄνομα
1425 3738 1452 3813 δ’

195 3835 342 3908 ὁπότερον
367 3836 468 3912 βούληι
494 3837 583 3897 κάλει,
623 3830 693 3910 αὕτη
714 3839 767 3907 μὲν
788 3837 820 3896 ἐν
843 3843 971 3912 ξηροῖσιν
993 3836 1124 3910 ἐκτρέφει
1150 3835 1278 3912 βροτούς
1298 3843 1358 3897 κτλ.
1398 3840 1455 3896 tuit

193 3924 265 3979 enim
284 3925 313 3977 in
330 3925 403 3978 Enni
421 3925 594 3994 Epicharmo,
611 3931 642 3979 ut
658 3929 774 3983 testatrrr
791 3923 878 3978 Varro
897 3923 931 3978 de
949 3923 966 3976 l.
978 3923 995 3976 l.
1013 3924 1040 3979 V
1057 3928 1099 3989 64,
1124 3923 1209 3978 Terra
1228 3923 1293 3994 Ope,
1314 3924 1387 3994 ραοιί
1409 3924 1455 3980 bic

151 4016 157 4025 ‘
190 4026 271 4064 omae
289 4025 357 4078 opus
379 4013 419 4064 eat
439 4013 465 4063 et
480 4009 530 4064 bue
547 4026 615 4078 opus
632 4008 669 4063 ad
686 4008 831 4063 vivendum
853 4011 880 4062 ct
894 4007 954 4086 ideo
972 4008 1073 4063 dieitur
1091 4007 1148 4079 Ope
1165 4012 1253 4064 muter
1275 4009 1348 4078 quod
1365 3996 1456 4066 Tmle'

189 4098 287 4150 muter.
323 4094 388 4149 baec
404 4095 477 4149 cuim
495 4088 588 4148 ‘terrie
603 4093 691 4165 gentis
708 4110 799 4148 omues
814 4093 921 4163 peperit
939 4097 965 4148 et
980 4094 1096 4148 resumit
1111 4094 1205 4161 denuo,
1230 4111 1313 4162 quoe
1330 4094 1391 4149 dut
1407 4095 1453 4151 ci·

189 4173 306 4235 buriu‘
325 4197 349 4235 e.
363 4196 388 4250 q.
401 4198 422 4236 s.
457 4179 533 4235 aliud
549 4179 758 4248 Epicharmeum
775 4179 860 4234 vertit
876 4179 982 4234 Ennius
999 4178 1052 4235 hoc
1069 4179 1165 4244 (Varro
1183 4178 1201 4233 l.
1219 4195 1241 4234 s.
1260 4183 1302 4242 65)
1323 4173 1396 4234 ‘istic
1413 4186 1456 4237 cet

186 4266 217 4320 'ia
234 4265 343 4335 Iupiter
361 4282 439 4334 quem
457 4265 515 4319 dico
534 4281 612 4333 quem
632 4257 731 4319 Grue'ci
747 4268 846 4319 vocant
860 4281 960 4332 wem,
980 4264 1139 4333 quioculos
1157 4267 1198 4318 cat
1213 4267 1240 4318 et
1254 4263 1345 4332 cubes,
1362 4262 1455 4323 imber

189 4345 304 4422 posteu',
326 4366 396 4420 quae
414 4350 450 4405 ab
468 4349 600 4419 Euripide
617 4348 670 4405 hoc
687 4349 771 4404 modo
790 4365 919 4419 expressa
936 4357 1001 4405 sunt
1017 4348 1059 4417 (ir.
1072 4353 1121 4403 941
1136 4348 1182 4414 N2)
1202 4342 1286 4422 ὁρᾰις
1302 4343 1357 4406 τὸν
1372 4343 1456 4424 ὑψοῦ

129 4480 143 4507 ,
193 4428 272 4491 τόνδ’
292 4432 415 4507 ἄπειρον
437 4435 541 4510 αἰθέρα
564 4437 614 4491 καὶ
636 4439 690 4507 γῆν
711 4433 794 4503 πέριξ
814 4428 915 4506 ἔχονθ’
933 4429 1033 4507 ὑγραῖς
1050 4432 1082 4490 ἐν
1099 4428 1249 4506 ἀγκάλαις·
1276 4436 1383 4492 τοῦτον
1402 4434 1455 4495 vd-
