3150 5018
465 1210 484 1284 I
522 1205 788 1287 COMOEDIA
818 1207 1010 1288 DORIOA

556 1433 582 1493 1.
610 1429 876 1494 *ARISTOXEN
879 1430 930 1494 VS

266 1561 445 1617 'lhsrmoma

192 1667 205 1718 1
224 1663 394 1733 Hephaestio
408 1680 435 1733 p.
444 1667 477 1718 49
490 1657 683 1732 Ἀριστόξενος
694 1663 724 1721 δὲ
738 1657 754 1719 ὃ
768 1657 968 1730 Σελινούντιος
979 1656 1156 1738 Ἐπιχάρμου
1167 1664 1365 1741 πρεσβύτερος

114 1746 230 1821 ἐγένετο
243 1745 371 1820 ποιητής,
388 1738 423 1806 οὗ
434 1751 484 1806 καὶ
496 1741 584 1814 αὐτὸς
601 1742 776 1820 Ἐπίχαρμος
783 1744 953 1821 μνημονεύει
969 1745 1002 1806 ἐν
1013 1751 1113 1823 Λόγοι
1123 1754 1173 1809 καὶ
1185 1753 1309 1825 Λογίνοιι
1321 1747 1364 1810 ‘oi

114 1832 183 1901 τοὺς
199 1829 322 1907 ἰάμβους
338 1835 387 1890 καὶ
404 1827 458 1890 τὸν
476 1828 597 1906 ἄριστον
614 1827 735 1904 τρόπον,
754 1826 789 1891 lv
802 1837 914 1907 πρᾶτος
931 1827 1100 1906 εἰοηγὴοοιθ’
1117 1830 1330 1909 ὦριοτόξενος’.

190 1957 205 2008 2
231 1951 369 2008 Eusebius
388 1951 478 2023 (Sync.
496 1952 656 2018 401,18)11
674 1955 706 2006 86
724 1951 785 2008 sch.
803 1953 840 2007 ad
857 1952 893 2007 ol.
905 1956 938 2007 28
960 1944 1125 2025 Ἀρχίλοχος
1141 1958 1190 2012 καὶ
1208 1957 1367 2028 Σιμωνίδης

113 2040 163 2096 καὶ
179 2031 372 2107 Ἀριστόξενος
390 2034 419 2093 οἱ
436 2039 568 2106 μουσικοὶ
586 2035 774 2103 (Aristomenes
791 2035 910 2091 mttee'cue
926 2043 999 2093 recte
1016 2038 1137 2106 Hieron)
1161 2037 1364 2112 ἐγνωρίζοντο.

114 2121 148 2178 ci.
165 2120 259 2192 Bergk
276 2121 348 2176 Hist
365 2121 417 2176 litt
435 2122 475 2177 IV
492 2127 516 2176 3.

189 2205 389 2261 Aristoxenum
407 2206 539 2261 comicum
556 2213 668 2275 poetam
684 2205 769 2261 fuisse
787 2221 868 2260 ncmo
885 2205 1007 2272 tradidit,
1027 2207 1134 2264 iambos
1152 2215 1180 2264 et
1195 2215 1367 2265 tetrametros

113 2291 211 2347 iecisse
222 2289 366 2360 probabile
378 2296 428 2345 est
457 2289 670 2359 Hephaestionis
682 2289 806 2345 doctrina
817 2290 928 2345 videtur
939 2306 974 2346 ex
985 2291 1152 2360 Apollodori
1164 2293 1201 2347 ad
1211 2293 1367 2362 Epicharmi

114 2376 201 2432 verba
212 2376 407 2432 commentario
424 2374 547 2441 fluxisse,
566 2375 613 2444 qui
626 2374 661 2429 de
672 2375 761 2443 patria
777 2380 876 2443 poetae
892 2375 1025 2430 incertum
1043 2383 1086 2431 est
1102 2383 1192 2432 utinm
1203 2378 1367 2447 Epicharmo

114 2477 151 2516 an
168 2460 223 2516 alio
240 2467 352 2516 auctore
369 2476 435 2515 usus
447 2459 490 2514 sit.
520 2458 594 2528 apud
605 2459 754 2515 Eusebium
772 2476 828 2516 non
841 2466 930 2515 aetate
947 2460 997 2516 sed
1009 2460 1089 2515 simili
1107 2463 1255 2519 carminum
1267 2480 1367 2533 genere

114 2545 242 2616 aequales
263 2551 363 2615 poetae
385 2544 530 2613 compositi
552 2550 624 2599 sunt
658 2544 769 2600 comicis
790 2543 990 2600 Aristoxenum
1017 2545 1161 2616 adscripsit
1186 2548 1234 2618 qui
1257 2564 1366 2604 versum

115 2635 301 2686 tetrametrum
318 2629 521 2698 anapaesticum
539 2628 565 2684 ei
582 2627 708 2684 adfinxit

585 2815 727 2872 VERSVS
749 2815 902 2873 SPVRIVS

201 2917 349 2988 Hephaest
360 2933 388 2986 p.
400 2920 471 2983 tao
488 2918 537 2973 καὶ
554 2912 659 2975 τούτου
676 2921 730 2975 τοῦ
745 2910 940 2991 Ἀριστοξένου
956 2917 1165 2990 μνημονείετοιί
1182 2938 1245 2975 τινα
1263 2916 1368 2975 τούτων

117 3007 169 3061 τῶι
186 3003 293 3076 μέτριοι
310 3000 493 3075 γεγραμμένα

179 3114 227 3185 τίς
249 3105 426 3188 citatorias
448 3113 601 3175 πλείσταν
623 3100 749 3190 canipe
770 3114 840 3171 τῶν
862 3102 1050 3190 ἀνθρώπων
1056 3133 1068 3186 ;
1092 3111 1143 3172 col
1164 3102 1301 3184 μάντεις.
