3150 5018
578 244 785 308 [ΕΠΙΧΑΡΜΟΥ]
804 245 974 301 nothum
1340 248 1401 307 135

144 418 208 486 μιζε
225 420 318 487 Ζῆνα,
342 406 424 472 τόνδ’
442 407 515 486 ἡγοῦ
531 409 613 472 θεόν.
648 415 802 469 aniumne
820 422 901 484 putas
918 415 1073 484 Epicharmi
1091 418 1199 473 fabulas
1216 419 1316 489 legisse
1333 436 1402 475 non·
1467 438 1474 450 ·

145 503 211 558 dum
233 501 269 557 ab
287 500 464 571 Apollodoro
486 500 575 555 editus
596 506 625 554 et
647 499 818 569 explanatas,
842 517 858 554 e
880 501 964 555 variis
985 502 1087 558 fabulis
1110 503 1232 573 singulas
1254 505 1289 559 de
1312 520 1401 560 rerum

144 595 243 643 natura
269 586 419 642 sententias
445 585 568 640 studiose
594 592 736 655 excerptae
761 602 822 640 cum
845 592 903 639 arte
927 586 956 639 in
978 603 1085 641 carmen
1107 604 1192 642 unum
1215 595 1243 643 et
1264 589 1401 658 integrum

144 672 311 728 coniecisse?
340 671 425 726 immo
448 670 524 740 quod
545 671 575 725 in
596 670 750 726 Euhemero
774 669 839 724 iecit
861 670 981 736 Eamus,
1007 672 1083 740 quod
1106 672 1135 725 in
1158 672 1401 744 Hedyphageticis‚

143 759 218 813 idem
235 757 265 812 in
277 755 440 827 Epicharmo
458 755 555 811 iecisse
572 755 711 824 putandus
728 762 782 810 est:
800 756 937 823 integrum
955 755 1038 811 latine
1055 758 1140 812 vertit
1150 758 1306 828 Epicharmi
1325 759 1401 828 quod

143 843 284 899 ferebatur
305 857 413 898 carmen
434 839 592 912 physicum,
613 839 687 894 idem
704 840 772 895 illud
795 840 871 910 quod
888 840 1034 910 Euripides
1054 842 1165 912 legerat
1201 844 1277 912 quod
1294 861 1402 900 carmen

145 928 168 983 si
183 929 245 998 quis
263 944 325 982 oum
342 924 553 996 elegantissimis
564 924 599 979 ab
611 925 723 980 Alcimo
742 926 858 980 servatis
875 926 1001 980 versibus
1015 926 1055 985 tir.
1070 932 1118 982 170
1129 934 1191 997 sqql
1209 931 1401 998 composuerit,

143 1012 251 1068 monito
269 1012 319 1066 vix
336 1028 407 1082 opus
424 1011 476 1066 erit
493 1027 575 1080 quam
592 1010 671 1065 aliter
687 1011 716 1064 in
734 1027 833 1066 scaena
849 1009 1029 1079 Epicharmus
1050 1012 1238 1083 philosophari
1256 1016 1401 1080 consuerit,

143 1113 202 1151 non
219 1097 388 1152 sententiose
405 1103 434 1152 et
450 1097 524 1151 vatis
540 1097 627 1151 instar
643 1096 777 1151 divinitus
794 1096 930 1161 instincti,
953 1097 1001 1151 sed
1019 1099 1229 1168 argumentatim
1247 1100 1401 1155 minutatim

144 1181 285 1251 explicite,
306 1188 339 1236 ut
354 1181 546 1251 intellegerent
567 1187 734 1250 spectatores
758 1188 843 1249 utque
866 1181 937 1236 seria
958 1190 1180 1250 argumentomm
1199 1185 1346 1239 certamina
1363 1184 1402 1240 lu-

144 1267 221 1322 dicro
238 1265 349 1321 fabulae
366 1265 416 1322 iilo
433 1267 627 1322 intexerentur.
657 1266 692 1321 ab
709 1264 763 1321 hoo
779 1282 847 1320 vero
859 1266 974 1321 consilio
992 1267 1090 1321 mirum
1109 1284 1190 1337 quam
1207 1269 1296 1324 aliena
1313 1271 1402 1339 splen·

145 1352 212 1408 dida
228 1352 276 1407 illa
292 1352 386 1422 magni
404 1353 460 1407 oris
476 1359 622 1422 praecepta
639 1352 716 1406 velut
740 1355 813 1422 νᾶφε
830 1355 878 1407 καὶ
895 1344 1021 1420 μέμνασ’
1039 1351 1171 1410 οἷπιστεῖν
1187 1355 1233 1409 vel
1252 1359 1319 1422 νοῦς
1337 1351 1400 1430 ipit

144 1441 194 1494 καὶ
216 1444 284 1504 νοῦς
305 1431 419 1504 cinola,
445 1453 515 1507 quae
537 1453 597 1492 oum
621 1437 681 1491 aliis
699 1437 834 1492 similibus
851 1436 966 1509 physico
984 1437 1024 1490 illi
1042 1437 1153 1492 carmini
1175 1439 1322 1496 tribuenda
1343 1458 1403 1498 esse

144 1539 303 1592 persuasum
321 1522 420 1589 habeo,
442 1523 519 1578 ouius
541 1529 662 1578 extrema
683 1523 769 1578 verba
790 1522 906 1577 feliciter
927 1523 1051 1577 servavit
1072 1524 1096 1578 is
1119 1525 1166 1593 qui
1182 1525 1285 1580 Alcimi
1310 1527 1403 1597 dispu-

144 1608 244 1663 tationi
257 1608 331 1677 apud
342 1607 498 1678 Diogenem
509 1608 595 1664 11117
614 1609 682 1664 hacc
697 1609 805 1664 addidit
823 1599 868 1664 ὅτι
886 1602 912 1663 δ’
927 1601 989 1664 οὐδ’
1009 1602 1096 1674 αὐτὸς
1114 1602 1290 1682 Ἐπίχαρμος
1306 1606 1403 1685 ἠγνόει

144 1689 197 1765 τὴν
220 1687 310 1751 αὑτοῦ
331 1696 447 1765 σοφίαν,
472 1700 579 1764 μαθεῖν
602 1689 662 1751 ἔστι
683 1687 741 1750 acia
758 1689 870 1751 τούτων
890 1691 922 1749 ἐν
946 1687 990 1758 οἷς
1010 1688 1065 1749 τὸν
1086 1690 1253 1765 ζηλώσοντα
1274 1716 1403 1771 προμαν·

146 1775 258 1836 τείεται
277 1773 330 1845 ‘oc
352 1774 381 1835 δ’
399 1773 457 1852 ἐγὼ
481 1779 572 1836 δοκέω
589 1810 623 1818 -
645 1778 755 1836 δοκέων
776 1774 833 1851 γὰρ
858 1774 937 1849 σάφα
961 1776 1041 1848 ἴσαμι
1066 1777 1150 1838 τοῦθ’
1176 1773 1221 1839 liu
1245 1786 1304 1838 τοῖν
1325 1780 1404 1852 ἐμῶν

144 1860 245 1935 μνάμα
272 1860 340 1921 ποκ’
364 1862 489 1921 ἐσσεῖται
512 1860 609 1936 λόγον
630 1860 743 1922 τούτων
765 1860 806 1920 ἔτι
828 1859 895 1920 ml?
932 1870 1011 1919 vates
1033 1864 1100 1921 haec
1122 1866 1243 1936 loquitur
1264 1867 1403 1924 Heraclito

145 1949 256 2015 similis,
281 1966 339 2005 non
362 1949 501 2004 scaenicus
523 1949 712 2019 philosophus.
745 1949 800 2003 tuit
820 1948 906 2017 igitur
927 1946 1082 2017 Epicharmi
1107 1952 1218 2007 nomine
1244 1953 1403 2022 inscriptum

147 2038 218 2104 Περὶ
235 2031 349 2105 φύσεως
365 2051 486 2101 carmen,
509 2035 569 2090 sive
587 2052 604 2089 a
620 2034 732 2090 falsario
751 2034 870 2103 quodam
888 2033 989 2088 saeculi
1008 2034 1097 2103 quinti
1116 2041 1181 2102 (non
1199 2053 1264 2093 sane
1282 2055 1299 2092 a
1317 2038 1403 2110 Chry-

145 2136 265 2190 sogono,
281 2121 359 2175 ouius
375 2120 501 2175 miseram
520 2126 604 2175 artem
623 2120 752 2174 novimus
770 2136 785 2174 e
801 2119 918 2174 Politiac
934 2118 1065 2188 rquuiis)
1085 2121 1145 2175 sive
1157 2123 1232 2191 quod
1249 2140 1331 2193 aegre
1348 2141 1403 2179 cre-

147 2206 263 2261 diderim
286 2206 321 2261 ab
344 2205 406 2275 ipso
423 2205 587 2274 Epicharmo
610 2204 800 2273 compositum.
834 2204 945 2259 falsario
968 2205 1056 2273 magis
1075 2206 1188 2274 dignum
1212 2209 1287 2276 quod
1304 2209 1404 2264 conicit

146 2299 230 2361 poeta
245 2292 275 2346 in
294 2297 416 2346 extremo
434 2290 552 2346 carmine
569 2290 610 2355 (fr.
623 2295 683 2356 254)
700 2294 749 2346 καὶ
767 2286 867 2363 λαβών
884 2310 927 2355 τις
944 2283 1016 2346 αὐτὰ
1036 2286 1189 2363 αεριλύσας
1205 2288 1241 2349 τὸ
1258 2293 1367 2366 μέτρον
1386 2287 1403 2350 t·

147 2384 198 2437 νῦν
215 2373 285 2450 ἔχει,
307 2371 373 2446 εἷμα
392 2370 457 2440 δοὺς
478 2377 527 2431 καὶ
544 2371 699 2448 πορφύραν
720 2370 832 2446 λόγοισι
851 2374 984 2439 ποικίλας
1005 2377 1107 2441 καλοῖς
1128 2374 1337 2444 δυσπάλαιστος
1355 2370 1401 2435 οὖν

147 2459 200 2529 τὸς
217 2458 322 2528 ἄλλους
340 2454 548 2526 εὐπαλαίστους
565 2454 719 2530 ἀποφανεῖ.
755 2467 888 2515 certares
905 2459 985 2524 foret,
1003 2459 1027 2513 si
1039 2460 1121 2515 etiam
1139 2460 1192 2517 hoc
1204 2479 1311 2518 carmen
1323 2463 1403 2518 scire·

146 2565 208 2603 mus
225 2545 426 2618 parastiohidiis
444 2552 570 2601 ornatum
587 2544 673 2599 fuisse
691 2543 734 2611 (ci,
753 2562 828 2599 rnen.
847 2549 882 2610 3),
899 2545 1059 2613 planissimo
1077 2545 1182 2601 handle
1199 2547 1309 2602 indicio.

559 2751 741 2815 OARMEN
766 2752 994 2816 PHYsiovM

662 2891 724 2951 239
747 2891 798 2963 (11
821 2889 895 2966 Lor)

232 3006 382 3063 Menander
398 3005 473 3075 apud
491 3003 568 3059 Stob.
586 3002 616 3057 fl.
635 3007 677 3068 91,
689 3007 721 3058 29

395 3111 414 3178 ὃ
436 3115 496 3190 μὲν
510 3108 702 3191 ,Ἐπίχαρμος
723 3105 801 3186 τοὺς
822 3106 921 3187 θεοὺς
943 3109 1025 3174 εἶναι
1046 3113 1128 3190 λέγει

395 3213 544 3295 α’νὲμονς,
565 3207 668 3294 ὕδωρ,
690 3219 761 3294 γῆν,
783 3207 887 3293 ἥλιον,
910 3220 987 3295 πῦρ,
1010 3210 1152 3294 α’στέοας.

233 3333 333 3389 rectius
344 3331 432 3387 Varro
450 3331 485 3387 de
496 3348 518 3385 r.
529 3348 551 3386 r.
563 3331 605 3385 14
624 3331 681 3386 eius
699 3330 759 3396 (ie.
771 3329 830 3399 ag1i
842 3329 971 3391 culturae)
985 3327 1128 3398 panapio
1144 3332 1210 3384 aaut
1225 3329 1319 3383 ecdem
1336 3346 1405 3398 puae

147 3418 246 3474 maadi
271 3433 326 3472 esee
347 3415 461 3472 maias
485 3415 581 3471 coibit
607 3416 645 3482 (in
662 3414 826 3485 Epicharmo
844 3414 964 3478 scilicet),
991 3429 1065 3482 aquo
1091 3417 1164 3469 terro
1189 3414 1285 3469 aalma
1308 3418 1335 3469 et
1355 3415 1404 3469 sol.

147 3505 256 3560 Vitruv.
268 3503 337 3560 VIII
352 3501 438 3572 praef.
452 3505 465 3555 1
483 3501 657 3573 Ρμλλομοναε
668 3500 845 3571 Empedocles
855 3499 1040 3570 Epicharmus
1052 3498 1153 3568 aliique
1160 3499 1269 3570 physici
1280 3503 1306 3554 et
1314 3499 1404 3569 philo·

147 3588 226 3660 sophi
248 3589 313 3645 λαοο
329 3586 473 3658 panope
490 3589 619 3656 proicer
641 3602 696 3641 ease
709 3589 872 3657 posueruut,
897 3601 987 3640 σεναα
1003 3584 1093 3655 poem
1110 3600 1212 3653 apuam
1229 3588 1340 3652 λανοια,
1364 3601 1405 3640 ec·

147 3691 261 3744 rumque
286 3673 359 3728 inter
382 3689 411 3728 se
433 3671 632 3728 cohaerentiam
657 3671 783 3727 natarali
804 3670 967 3742 fipeactiooe
993 3685 1027 3724 ccc
1046 3685 1175 3739 penei-um
1201 3668 1405 3724 discriminibus

148 3758 253 3829 ιεμιιι
270 3757 422 3827 μοιμοι.

648 3899 733 3959 *240
755 3898 808 3971 (12
830 3894 903 3970 Lor)

234 4013 322 4070 Varro
339 4012 374 4069 de
391 4012 409 4067 l.
427 4011 445 4066 l.
462 4011 488 4068 V
506 4015 539 4066 65
556 4009 629 4067 idem
647 4011 677 4066 hi
693 4011 737 4066 dei
755 4011 857 4066 coelom
875 4014 902 4065 et
919 4013 993 4065 terra
1009 4007 1118 4079 Iupiter
1135 4012 1162 4063 et
1176 4008 1256 4077 Ιαιιο,
1276 4009 1354 4078 quod,
1373 4012 1406 4063 ut

150 4099 192 4154 ait
209 4097 323 4165 Ennius,

303 4204 371 4264 istic
393 4208 435 4264 est
455 4203 483 4263 is
504 4203 620 4280 Iupiter
643 4222 725 4279 οααν
746 4203 820 4275 dico,
849 4221 931 4289 quem
958 4202 1069 4263 Graeci
1089 4205 1195 4262 vocant

304 4323 415 4380 σοναν,
439 4306 489 4382 pai
510 4311 611 4366 centies
633 4310 676 4366 esi
697 4310 724 4365 ei
744 4306 839 4377 cubes,
869 4304 962 4364 imber
978 4309 1093 4381 posteo,

301 4415 388 4486 atquc
409 4425 446 4468 ea
467 4408 561 4468 imbre
582 4409 690 4484 frique,
712 4407 806 4468 uentis
822 4411 892 4482 poet
912 4407 949 4479 fit
971 4424 1024 4467 αον
1045 4407 1155 4466 denuo:

130 3992 152 4021 q
