3150 5018
154 223 194 279 22
582 225 629 274 ΒΕ
646 223 826 275 COMOEDIA
842 223 982 272 GRAECA

153 390 278 473 βάσεως
299 391 396 459 ἑπτά·
419 390 550 471 ἑπτάκις
571 392 632 478 γάρ
654 390 785 476 δχορὸς
800 391 934 474 σι’ρχεῖτο
950 389 1077 457 ἐπειδάν
1092 396 1135 469 είς
1150 388 1209 472 τὴν
1225 387 1412 473 ὀρχήστραν

154 493 324 579 εἰσήρχετο,
358 492 399 580 ἣν
427 493 463 579 δὴ
494 503 547 560 καί
573 506 702 576 λογεῖον
724 503 891 561 καλοῦσιν.
936 492 1036 577 ἡμὲν
1059 488 1121 559 οὖν
1143 491 1255 577 πρώτη
1278 490 1414 574 ὄρχησις
1425 503 1459 554 ’15

154 593 335 675 κομμάτιον
347 599 481 679 ἐλέγετο,
496 597 515 680 ἣ
528 603 561 664 δέ
572 601 704 681 δευτέρα
715 595 895 679 παράβασις
907 592 1088 675 ὁμωνύμως
1099 605 1158 661 τῶι
1169 599 1252 677 γένει
1264 596 1415 660 ἐκαλεῖτο

112 764 116 770 ,
155 701 220 775 (καί
242 694 303 780 γὰρ
324 695 362 764 τὸ
385 696 466 765 ὅλον
487 707 587 765 τοῦτο
609 697 648 764 τὸ
662 695 890 781 ἐπτάστροφου
912 707 1015 781 σχῆμα
1037 695 1218 780 παράβασις
1241 700 1415 776 ἐκαλεῖτο),

152 798 171 882 ἡ
186 804 219 864 δέ
230 806 320 882 τρίτη
331 798 468 883 μακρόν,
483 795 547 883 ἥδέ
561 798 695 885 τετάρτη
710 798 789 884 ωἰδη
804 807 858 866 καί
871 797 1005 883 στροφή,
1021 799 1084 883 ηδέ
1100 789 1224 881 πέμπτη
1241 801 1428 889 ἐπίρρημα,

154 898 173 984 η
190 906 222 966 δέ
238 903 311 984 ἐκτη
327 900 466 986 α’ντοιιδὴ
482 909 536 968 καί
551 903 777 985 ἀντίστροφος,
800 901 819 986 η
836 908 868 969 δέ
883 900 1000 984 ἑβδόμη
1017 900 1244 984 άντεπίρρημα.
1281 905 1331 962 31.
1351 905 1418 964 είσ-

156 1000 263 1068 ελδὼν
286 999 347 1069 οὖν
370 1002 502 1088 δχορὸς
524 1010 568 1084 είς
582 1002 642 1088 τὴν
660 1002 841 1088 ὀρχήστραν
855 1009 983 1087 μέτροις
997 1010 1061 1069 τισί
1077 1007 1231 1083 διελέγετο
1246 1017 1316 1079 τοῖς
1332 999 1419 1067 ὓπο-
1430 1011 1463 1062 80

155 1119 280 1187 κριταῖς
307 1112 360 1171 καί
389 1104 471 1189 πρὸς
499 1103 558 1189 τὴν
588 1104 708 1190 σκηνὴν
736 1105 822 1191 ἐώρα
850 1117 907 1190 τῆς
928 1111 1129 1184 κῶμοιδίας·
1162 1102 1203 1170 ἂν
1225 1099 1287 1170 οὖν
1310 1100 1356 1181 ὡς
1381 1106 1419 1168 ἐκ

157 1203 284 1286 πόλεως
299 1205 422 1289 ἐβάδιζε
437 1205 519 1293 πρὸς
534 1205 572 1274 τὸ
587 1212 738 1290 θέατρον,
757 1207 808 1275 διὰ
822 1218 879 1292 τῆς
894 1207 1062 1291 α’ριστερᾶς
1078 1204 1196 1286 ἁψῖδος
1211 1207 1345 1287 ἔβαινεν,
1372 1204 1419 1273 ἂν

88 1365 93 1375 ,
158 1307 253 1387 δ’ὡς
274 1308 463 1393 ἀπ’άγροῦ,
486 1308 538 1377 διὰ
559 1321 615 1394 τῆς
631 1315 743 1391 δεξιᾶς.
780 1305 1091 1394 τετραγωνιζόμενός
1113 1333 1147 1373 τε
1169 1305 1186 1373 ὁ
1207 1306 1306 1390 χορὸς
1328 1308 1420 1390 πρὸς

156 1407 281 1491 μόνους
302 1409 387 1497 ἑάρα
409 1410 488 1491 τοὺς
509 1411 695 1496 ὑποκριτάς.
735 1411 950 1479 ἀπελθόντων
973 1415 1005 1477 δέ
1027 1419 1094 1475 τῶν
1116 1409 1305 1492 ὑποκριτῶν
1328 1407 1420 1492 πρὸς

159 1510 324 1596 οἷμφότερα
352 1512 392 1581 τά
419 1518 498 1598 μέρη
527 1523 588 1580 τοῦ
610 1512 713 1599 δήμου
736 1513 826 1598 δρῶν
849 1517 883 1580 ἐκ
905 1517 1127 1596 τετραμέτροιν
1149 1516 1259 1591 δεκαέξ
1282 1518 1464 1593 στίχους85

158 1613 378 1694 άναπαίστους
407 1618 589 1699 ἐφθέγγετο,
621 1623 675 1681 καί
704 1626 804 1684 τοῦτο
834 1620 978 1682 ἐκαλεῖτο
1012 1610 1154 1696 στροφή·
1187 1614 1253 1678 εἶτα
1281 1615 1421 1697 έτέρους

157 1714 330 1795 τοιούτους
358 1720 541 1800 ἐφθέγγετο,
574 1725 629 1785 καί
651 1721 795 1786 ἐκαλεῖτο
819 1719 1054 1802 ἀντίστροφος·
1088 1713 1169 1798 άπερ
1191 1712 1358 1798 άμφότερα
1383 1721 1421 1780 οἱ

159 1826 292 1886 παλαιοί
325 1821 482 1903 ἐπίρρημα
514 1823 642 1902 ἐλεγον·
675 1818 734 1904 όλη
768 1826 800 1886 δέ
829 1821 848 1904 ἡ
877 1817 1021 1905 πάροδος
1049 1827 1110 1884 τοῦ
1133 1826 1239 1902 χοροῦ
1266 1819 1420 1883 ἐκαλεῖτο

158 1911 347 2003 παράβασις.
395 1927 443 1989 32.
469 1930 635 2004 συμβαίνει
658 1920 694 2005 δὴ
716 1919 755 1987 τό
778 1926 935 2006 ἐπίρρημα
957 1925 1051 1987 πέντε
1074 1927 1248 2004 σημαίνειν,
1275 1916 1357 1984 αὐτό
1381 1945 1421 1985 τε

159 2020 197 2087 τὸ
220 2028 341 2090 οίκεῖον
364 2022 600 2109 σημαινόμενον
622 2031 676 2089 καί
698 2022 757 2108 τὴν
775 2023 920 2108 στροφὴν
938 2030 992 2089 καί
1008 2023 1228 2106 α’ντίστροφον
1243 2027 1297 2086 καί
1312 2017 1421 2106 ωἰδὴν
1433 2033 1465 2084 90

160 2129 214 2188 καί
236 2123 407 2210 αὐτοιιδήυ,
440 2124 545 2218 ἐπειδὴ
569 2125 589 2214 ἡ
611 2131 671 2206 μέυ
694 2125 818 2212 στροφὴ
839 2125 898 2211 την
921 2124 1019 2209 ῶιδὴν
1041 2131 1196 2208 σημαίνει,
1228 2122 1247 2207 ἡ
1271 2128 1303 2189 δέ
1325 2121 1420 2188 άντί-

163 2243 305 2308 στροφος
326 2227 385 2311 τὴν
408 2226 577 2313 άντοιιδήν.

244 2330 272 2390 V
295 2334 343 2396 33.
368 2334 495 2412 γένοιτο
518 2330 553 2396 δ’
576 2319 616 2397 άν
639 2335 816 2422 σαφεστέρα
838 2328 856 2413 ἡ
880 2338 949 2395 τῶν
970 2325 1132 2396 τοιούτοιν
1151 2333 1337 2394 διδασκαλία
1354 2326 1420 2394 ὡδί

160 2455 237 2509 ποις.
277 2434 311 2497 ἐν
333 2435 463 2518 ἐαρινῶι
485 2442 601 2516 καιρῶι
623 2437 812 2500 πολυτελέσι
835 2429 992 2510 δαπάναις
1013 2426 1293 2513 κατεσκευάζετοὴ
1310 2427 1419 2512 σκηνὴ

161 2530 358 2616 τριοιρόφοις
386 2533 627 2619 οἰκοδομήμασι,
660 2538 890 2618 πεποικιλμένη
912 2530 1178 2623 παραπετάσμασι
1199 2538 1254 2598 καί
1276 2528 1464 2611 ὀδόναις95

161 2643 290 2714 λευκαῖς
320 2644 374 2703 καί
405 2645 570 2717 μελαίναις
601 2634 736 2722 βύρσαις
768 2662 802 2702 τε
835 2634 1055 2718 παταγοόσαις
1086 2642 1140 2701 καί
1169 2626 1418 2717 χειροτινάκτοιι

161 2743 250 2819 πυρί,
284 2736 443 2823 ὀρόγμασί
470 2765 503 2806 τε
525 2747 710 2820 καταγαίοις
732 2746 785 2804 καί
807 2739 977 2820 ὑπογαίοις
999 2745 1052 2803 καί
1073 2735 1204 2803 ὑδάτων
1227 2739 1417 2812 δεξαμεναῖς

162 2844 205 2918 είς
226 2837 332 2908 τόπον
354 2839 535 2926 θαλάσσης,
568 2839 734 2926 Ταρτάρου
752 2839 864 2924 Ἅιδου,
898 2850 1068 2922 κεραυνῶν
1090 2845 1144 2905 καί
1166 2843 1327 2921 βροντῶν,
1357 2842 1417 2919 γῆς

244 3032 277 3081 74
300 3031 466 3081 confunditur
488 3047 547 3082 oum
565 3032 684 3096 parabasi
704 3032 818 3095 parodus
910 3032 943 3081 76
967 3027 1120 3078 οοωαιεέὶοα
1137 3027 1259 3076 omissum
1276 3024 1326 3072 Ma
1343 3026 1371 3071 et
1389 3022 1419 3072 in

158 3114 254 3165 lambis
267 3116 302 3178 (v.
313 3118 356 3180 44)
426 3120 458 3170 79
468 3132 524 3180 sqq.
539 3119 574 3168 σέ.
591 3117 724 3167 Duebneri
741 3113 900 3176 Anon.VII‚
917 3114 963 3163 ubi
975 3114 1024 3164 sio:
1043 3115 1059 3162 ό
1077 3113 1156 3180 χορός
1173 3113 1189 3161 ό
1207 3109 1326 3174 κωμικός
1343 3108 1418 3172 είοή-

158 3215 224 3266 γετο
241 3201 272 3250 ἐν
290 3205 335 3265 τῆι
353 3203 499 3270 όργήστραι
522 3202 575 3252 τῶι
596 3207 648 3253 νῦν
665 3196 815 3268 λεγομένωι
835 3194 944 3268 λογείωι
962 3200 1005 3262 (σέ.
1023 3212 1103 3262 supra
1120 3212 1146 3247 v.
1157 3196 1209 3259 75),
1235 3197 1280 3245 καί
1298 3193 1346 3242 ὅτε
1362 3194 1419 3256 μέν

160 3285 229 3350 πρός
251 3288 314 3335 τοὺς
336 3287 486 3354 ὑποκριτάς
510 3281 652 3356 διελέγετο,
677 3288 746 3355 πρός
769 3287 821 3349 τὴν
839 3286 942 3349 σκηνήν
959 3285 1085 3351 ἀφεώρα·
1113 3283 1161 3332 ότε
1179 3275 1209 3330 δέ
1227 3273 1420 3329 ἀπελθόντων

161 3367 221 3416 τῶν
237 3368 398 3436 ὑποκριτῶν
423 3374 486 3421 τοὺς
508 3373 697 3434 ἀναπαίστους
720 3366 845 3435 διεξήιει,
873 3371 942 3438 πρός
964 3370 1014 3420 τόν
1032 3362 1122 3432 δῆμον
1144 3366 1342 3432 ἀπεστρέφετο,
1369 3365 1419 3412 καί

162 3456 245 3503 τοῦτο
262 3448 384 3505 ἐκαλεῖτο
403 3458 517 3524 στροφη.
548 3455 582 3520 ην
601 3451 631 3506 δέ
650 3457 685 3506 τά
702 3457 817 3522 ἐαμβετα
835 3456 1005 3522 τετράμετρα
1023 3453 1096 3515 (haec
1113 3455 1247 3514 worrupm
1265 3463 1354 3498 sensus
1371 3447 1419 3498 hio

159 3527 227 3600 ‘post
244 3539 376 3603 stropham
393 3543 538 3594 tetrametri
556 3531 763 3606 recitabantur?).
798 3540 859 3591 εἶτα
877 3542 928 3604 τὴν
945 3540 1133 3605 ἀντίστροφον
1156 3529 1310 3585 ἀποδόντες
1331 3527 1420 3583 πάλιν

162 3623 333 3693 τετράμετρα
350 3622 479 3695 ἐπέλεγον
496 3628 567 3680 ίσοιν
585 3632 701 3693 στίχοιν·
721 3624 755 3692 ῆν
767 3621 798 3677 δέ
810 3629 857 3676 ἐπέ
869 3627 905 3685 τέ
914 3620 1044 3676 πλεῖστον
1057 3622 1087 3672 15
1091 3617 1107 3672 ¹.
1138 3614 1260 3670 ἐκαλεῖτο
1279 3612 1309 3667 δέ
1328 3622 1420 3668 ταῦτα

159 3709 349 3788 ἐπιρρήματα·
375 3712 391 3776 ᾖ
411 3707 446 3763 δέ,
459 3708 507 3778 δλη
525 3708 649 3782 πάροδος
671 3718 722 3764 τοῦ
737 3717 821 3779 γοροό
840 3705 962 3761 ἐκαλεῖτο
980 3708 1150 3774 παράβασιν
1171 3694 1369 3771 Ἀριστοφάνης
1387 3704 1420 3753 ἐν

160 3791 378 3861 Ιππεδσιν(507)
396 3788 432 3847 ἐί
440 3800 494 3863 μέν
511 3813 553 3849 τις
564 3799 633 3866 ἀνὴρ
652 3803 711 3848 τῶν
722 3798 846 3865 άργαίαιν
862 3784 1159 3860 ποιμαιιδοδιδάσκαλος
1176 3790 1247 3854 ἡμᾶς
1263 3787 1420 3856 ἠνάγκαζεν

161 3871 290 3938 λέξοντας
306 3881 359 3947 ἐπη
381 3884 450 3950 πρός
468 3885 500 3934 τό
519 3882 643 3951 θέατρον
660 3875 843 3950 παραβῆναά.
878 3881 974 3931 rectius
991 3879 1033 3928 Et.
1049 3878 1086 3927 M.
1103 3877 1163 3938 363,
1172 3878 1206 3927 46
1225 3874 1419 3941 ἐπιρρήματα·

135 3980 140 3986 ·
162 3965 193 4014 ἐν
211 3975 269 4016 τοῖς
285 3978 404 4036 χορικοῖς
427 3970 475 4019 ότε
496 3970 621 4037 στροφήν
646 3970 753 4018 ἀισειαν
775 3961 854 4021 μέλος
871 3966 900 4029 (1.
916 3959 1021 4030 μέλους,
1042 3964 1075 4013 of.
1091 3962 1234 4026 Hephaest.
1252 3958 1418 4024 p.139‚18),

162 4044 290 4119 ἐπέλεγον
308 4055 478 4119 ποιημάτιον
496 4049 536 4105 ις’
556 4058 671 4118 στίχων·
695 4052 755 4103 εἶτα
773 4053 824 4116 τήν
841 4051 1028 4117 ἀντίστροφον
1046 4042 1201 4098 ἀποδόντες
1217 4040 1346 4112 ἐπέλεγον
1364 4045 1419 4094 πά·

132 4197 133 4202 ¹
162 4126 205 4185 λιν
223 4137 408 4207 τετράμετρον
426 4140 595 4204 ποιημάτιον
614 4144 672 4189 τῶν
685 4137 756 4188 ἴσον
768 4139 883 4201 στίχων·
903 4128 1024 4184 ἐκαλεῖτο
1038 4127 1068 4183 δέ
1083 4138 1171 4183 ταῦτα
1189 4131 1362 4199 ἐπιρρήματα

161 4219 256 4283 sosqq.
273 4222 306 4272 ει.
323 4223 371 4274 ιιι
387 4225 448 4289 §23

246 4305 272 4356 V
293 4308 381 4359 eadem
398 4310 450 4360 Mb
467 4312 519 4362 ο.4
588 4309 630 4360 93.
639 4309 673 4359 94
692 4301 748 4356 ῶδέ
765 4319 825 4356 πως
841 4306 863 4355 Ρ
882 4377 884 4381 ⁴
932 4307 966 4356 94
984 4304 1167 4372 πρῶτονμὲν
1184 4304 1216 4352 ἐν
1233 4304 1347 4369 ἐαρινοῖι
1365 4305 1421 4350 τῶι

163 4397 262 4461 καιρῶι
280 4390 503 4446 πολυαναλοέτοις
520 4389 658 4454 δαπάναις
673 4393 725 4445 Mb
