3150 5018
678 299 872 356 COMOEDIA
888 297 1034 356 nenton

740 475 801 535 134
823 472 876 552 (89
899 472 976 549 Ahr)

316 594 420 649 Athen.
432 594 474 648 IX
491 590 563 647 ettf
579 584 748 661 μνημονεύει
766 593 825 644 τῶν
841 588 1018 661 γηθυλλίδων
1033 589 1083 644 καί
1099 579 1137 644 'E
1154 584 1187 644 ἐν
1204 583 1377 661 Φιλοκτήτηι
1397 580 1493 657 οὕτως

499 699 534 762 ἐν
555 700 588 761 δὲ
611 691 751 775 σκόροδα
775 690 840 759 δοό.
856 700 910 758 καί
931 698 1124 774 γαθυλλίδες
1146 689 1213 760 δοό.

316 830 412 869 versus
429 813 565 868 restitutio
583 811 693 865 incerta.

445 991 722 1052 ΧΟΡΕΥΟΝΊἘΣ
742 985 806 1043 sive
827 989 1039 1048 nonem]
1057 983 1097 1061 (p.
1113 984 1175 1044 254
1197 981 1271 1063 Lor)

316 1101 465 1170 Hephaest.
478 1117 506 1168 p.
518 1101 584 1164 49,2
604 1091 677 1166 παρ’
694 1091 878 1170 Ἐπιχοίρμωκ
898 1090 932 1163 ὃς
947 1100 997 1154 καί
1016 1087 1071 1155 δλα
1089 1088 1138 1155 δίο
1157 1093 1290 1171 δράματα
1308 1097 1419 1159 sciton
1439 1103 1491 1159 τῶι

230 1187 337 1260 μέτριοι
353 1187 381 1254 (ἰ.
390 1202 414 1240 c.
426 1189 583 1241 tetrametro
595 1181 769 1250 anapaestico
782 1181 948 1248 catalectico)
965 1181 1093 1256 γέγραφε
1105 1179 1173 1250 τούς
1187 1203 1219 1241 τε
1232 1177 1426 1254 Χορεδοντας
1443 1191 1492 1243 καὶ

231 1268 285 1329 τὸν
302 1265 463 1328 Ἐκινίκιον
497 1274 591 1337 potest
606 1266 668 1322 fieri
686 1272 717 1321 ut
734 1267 799 1321 olim
817 1268 947 1336 scriptum
964 1268 1048 1323 luerit
1070 1264 1138 1335 τούς
1155 1289 1187 1326 τε
1205 1267 1366 1340 Χορεντοίς.

824 1444 884 1503 136

317 1556 465 1612 Herodian.
484 1555 548 1609 dict
564 1555 636 1610 solit.
654 1571 681 1624 p.
696 1559 763 1621 12,2
782 1550 817 1613 τὰ
836 1555 877 1622 είς
893 1544 953 1613 λῖν
969 1552 1093 1629 λήγοντα
1112 1552 1244 1628 ὀνόματα
1262 1558 1290 1616 εί
1305 1558 1489 1631 διπλασιάζοι

231 1639 266 1701 τὸ
285 1631 314 1708 λ,
337 1634 371 1699 οὐ
388 1640 466 1697 θέλει
487 1637 560 1713 ὑπὲρ
578 1635 627 1696 δύο
646 1635 790 1714 συλλαβὰς
807 1635 879 1697 είναι
897 1679 904 1694 .
923 1680 930 1695 .
949 1643 1101 1710 Σίλλων,
1128 1635 1165 1700 Ἑ.
1184 1646 1355 1716 Χορεοταῖς.
1388 1646 1490 1703 dicitur

230 1728 348 1783 fortasse
366 1725 451 1781 Sillax
468 1724 611 1794 Rheginos
628 1725 725 1794 pictor,
742 1743 770 1780 v.
788 1725 860 1780 infra
876 1725 909 1780 fr.
929 1730 986 1781 163.

660 1906 817 1964 smper
834 1901 874 1978 (p.
891 1902 953 1962 254
975 1900 1048 1976 nor>

315 2014 349 2069 de
371 2012 481 2070 fabulae
502 2020 664 2083 argumento
686 2015 858 2087 ingeniosam
880 2015 1064 2071 coniectumm
1085 2016 1152 2072 lecit
1173 2016 1287 2072 Crusius
1310 2017 1413 2074 Philol.
1432 2022 1487 2075 vol.

230 2100 318 2168 suppl.
336 2099 376 2154 VI
394 2103 452 2153 293.
487 2098 611 2154 adhibito
630 2098 710 2153 simul
727 2099 877 2167 proverbio
896 2100 972 2169 qnod
989 2107 1032 2155 est
1048 2101 1197 2174 κεραμέως
1214 2106 1341 2170 πλοῦτος
1358 2102 1488 2169 (ἐπὶτῶν

231 2187 352 2258 σαθρῶν
372 2186 421 2240 καί
443 2176 630 2255 εὖθραύστων
646 2183 869 2254 Pseudodlogen.
886 2185 913 2240 V
930 2189 972 2250 97)
994 2185 1113 2256 figulum
1134 2187 1219 2257 fingit
1238 2204 1355 2257 magnas
1372 2189 1487 2246 divitias

230 2269 425 2335 somniantem,
447 2274 506 2323 tum
524 2267 586 2322 ollis
604 2267 738 2323 diffractis
756 2269 830 2322 omni
849 2285 898 2338 spe
915 2270 1060 2326 crudeliter
1077 2272 1219 2328 deiectum.

654 2443 723 2503 136.
749 2445 808 2504 137
834 2444 896 2520 (ον.
920 2448 959 2506 93
982 2444 1060 2523 An)

317 2581 377 2641 136
405 2575 478 2643 αλλ’
499 2573 588 2654 ὅμως
610 2583 706 2641 καλαί
727 2583 781 2642 καί
803 2593 873 2644 πῖοι
896 2577 991 2663 ἄρνες
1013 2579 1205 2665 εὑρησοῦντί
1225 2606 1281 2660 μοι

404 2681 480 2744 δέκα
501 2675 642 2757 νόμους’
666 2687 832 2758 notante
853 2677 914 2763 γάρ
936 2683 1003 2747 ἐντι
1025 2691 1083 2761 τᾶς
1104 2681 1226 2766 ματρός
1247 2737 1255 2751 .
1273 2735 1304 2751 ..

317 2854 376 2912 137
936 2859 1041 2934 κᾶρυξ
1063 2850 1122 2919 ἰὼν

405 2948 504 3029 εὐθὺς
525 2950 604 3033 κρία
625 2975 681 3029 μοι
703 2954 778 3016 δέκα
799 2949 913 3030 νόμον
933 2952 1057 3036 μόσχον
1078 2952 1191 3023 καλαν.

316 3085 386 3140 Poll.
397 3085 439 3139 IX
457 3088 498 3138 19.
511 3088 544 3138 86
563 3080 580 3141 δ
599 3084 629 3141 δὲ
646 3089 774 3155 νοῦμμος
791 3089 872 3143 δοκεῖ
887 3088 940 3156 μὲν
957 3083 1029 3145 εἶναι
1046 3085 1204 3159 Ῥωμαίων,
1222 3086 1352 3158 τοῦνομα
1371 3095 1426 3149 τοῦ
1443 3110 1487 3148 νο-

229 3175 386 3243 μίσματος,
409 3167 470 3226 ἐστί
488 3170 518 3226 δὲ
534 3164 693 3240 Ἑλληνικὸν
708 3175 758 3228 καί
776 3171 848 3238 (fort
866 3175 915 3229 καί
930 3167 1010 3239 Ἑλλ.)
1034 3177 1094 3230 τῶν
1110 3171 1143 3231 ἐν
1158 3165 1272 3232 Ἰταλίαι
1288 3177 1339 3231 καί
1357 3179 1487 3234 Σικελίαι

231 3257 373 3329 Δωριέων.
409 3249 445 3312 ’n
464 3274 496 3312 τε
513 3250 569 3327 γὰρ
586 3252 619 3311 ἐν
636 3264 699 3322 ταῖς
710 3252 838 3329 Χύτραις
854 3259 942 3329 φησίν
953 3250 1033 3316 (ἄλλ’
1052 3298 1079 3313 ..
1095 3251 1220 3333 ματρός1
1234 3262 1313 3326 (136),
1331 3262 1381 3316 καὶ
1400 3257 1487 3318 πάλιν

224 3328 329 3416 (κᾶρυξ
345 3382 351 3396 .
370 3380 377 3394 .
394 3332 500 3397 καλάν’
512 3344 582 3406 (131)

312 3447 392 3509 136,1
411 3444 653 3510 esturmenta,
672 3441 840 3501 ὅκαϊαικαί
858 3444 918 3499 cod.
932 3444 1030 3501 Salam.
1060 3445 1124 3500 fort
1136 3438 1280 3515 μάλάίδε
1335 3451 1385 3501 1.2
1407 3442 1487 3520 εὑρή-

231 3546 312 3584 σουσι
330 3526 360 3584 δέ
376 3546 426 3597 μοι
443 3532 492 3585 καί
509 3525 667 3598 νούμμουςι
689 3549 739 3599 μοι
757 3528 824 3586 δέκα
841 3530 967 3602 Bentley,
990 3530 1095 3599 reliqua
1115 3546 1183 3586 corr.
1200 3531 1312 3586 Ahrcns
1383 3537 1399 3586 2
1419 3533 1486 3591 δέκα

231 3607 340 3680 νόμους
356 3608 471 3669 κωλοίν·
488 3618 580 3679 καλοῖς
597 3611 654 3688 γὰρ
667 3615 760 3685 Bergk
780 3616 871 3681 (τοίας
888 3611 946 3689 γὰρ
962 3615 1043 3680 Ahr).

318 3720 401 3783 tem
421 3717 497 3787 πρίω
515 3722 545 3770 et
561 3711 697 3786 νούμμων
713 3722 742 3771 et
758 3712 848 3787 καλήν
865 3716 945 3772 codd.

626 3923 655 3984 Ε
676 3921 864 3986 FABVLIS
886 3924 1084 3988 INOERTIS

823 4062 883 4122 138

316 4174 435 4230 Antiatt.
453 4173 541 4229 Beklz.
562 4178 619 4239 113,
633 4178 664 4229 14
687 4171 831 4246 ῥαπίδα·
859 4175 911 4244 τὴν
926 4170 1051 4247 βελόνην
1067 4166 1105 4231 Έ.
1138 4192 1165 4229 v.
1184 4175 1220 4230 ad
1236 4175 1269 4230 fr.
1283 4179 1324 4230 51.

652 4350 712 4409 139
735 4350 808 4426 (167
825 4347 901 4408 Ahr.
925 4352 965 4409 99
980 4348 1052 4423 Lot)

207 4514 209 4521 ,
315 4462 372 4515 An.
389 4461 478 4518 Bekk.
496 4466 582 4529 ttae
605 4462 634 4517 in
656 4463 738 4519 docta
759 4464 794 4519 de
816 4464 961 4532 Apaturiis
983 4464 1170 4534 disputatione
1193 4464 1298 4532 (eadem
1318 4464 1437 4522 brevior
1458 4469 1488 4522 in
