3216 5032
656 1238 959 1318 PRAEFATIO

277 1449 462 1511 Comicorum
490 1450 645 1509 atticorum
674 1446 840 1528 fragmenta
867 1448 967 1508 omnia
994 1458 1064 1510 ante
1090 1447 1145 1509 hos
1174 1465 1218 1510 Lx
1245 1448 1306 1509 fere
1334 1468 1431 1510 annos
1544 1422 1549 1485 l
1598 1458 1605 1499 ι’

178 1561 289 1637 primus
311 1560 401 1621 edidit
423 1558 595 1622 Avovsrvs
617 1558 778 1619 Marasdu
805 1558 913 1639 insigni
938 1579 1007 1620 oum
1028 1580 1099 1621 cura
1120 1558 1255 1634 collecta,
1284 1559 1354 1621 scite
1375 1560 1432 1621 dis·
1540 1526 1547 1607 {¹
1583 1548 1597 1605 ,·‘

177 1673 287 1753 posita,
316 1671 467 1751 ingeniose
496 1670 651 1731 emendata
679 1679 708 1730 et
735 1668 889 1745 explicata.
933 1670 1013 1752 quod
1041 1691 1117 1748 opus
1144 1670 1234 1751 plane
1262 1671 1432 1732 admirabile
1541 1686 1547 1717 ¹·
1577 1702 1580 1709 .

177 1805 244 1846 oum
270 1781 465 1844 aTheodoro
486 1781 578 1842 Kock
606 1780 769 1861 expilatum
796 1781 890 1861 magis
911 1781 1039 1843 viderem
1068 1801 1157 1861 quam
1184 1781 1226 1841 ita
1252 1791 1287 1842 ut
1307 1781 1434 1842 debebat
1490 1861 1491 1864 Ἴ
1557 1848 1561 1863 .
1585 1776 1594 1841 ³.

108 1953 112 1959 .
178 1903 378 1966 retractatum,
413 1893 556 1954 decennio
589 1891 698 1952 abhinc
732 1892 795 1972 ipse
822 1891 987 1952 comoediae
1016 1912 1137 1972 graecae
1169 1891 1306 1971 reliquias
1335 1892 1433 1954 denuo

176 2004 314 2085 colligere
336 2005 430 2084 coepi,
459 2024 524 2064 non
546 2024 606 2084 quo
626 2002 740 2067 viderer
768 2003 839 2062 mihi
862 2023 938 2083 quae
959 2001 1128 2064 Meinehius
1150 2003 1262 2083 egregie
1290 2003 1433 2079 praestitit

178 2115 270 2177 multo
285 2114 390 2175 melius
409 2124 558 2195 praestare
572 2135 667 2195 posse,
690 2113 741 2175 sed
763 2123 797 2174 ut
815 2134 891 2194 quae
909 2112 960 2173 ille
974 2114 1061 2176 variis
1075 2113 1112 2173 de
1126 2114 1224 2174 causis
1244 2134 1283 2173 ne
1298 2121 1433 2191 potuerat

177 2226 295 2307 quidem
316 2235 465 2306 praestare
487 2225 663 2306 supplerem.
707 2245 804 2305 neque
832 2225 911 2284 enim
939 2225 1009 2286 satis
1031 2233 1093 2285 erat
1121 2245 1201 2287 nova
1221 2224 1366 2305 quaedam
1386 2234 1432 2286 tu·

175 2337 335 2399 multuaria
356 2357 446 2417 opera
466 2335 634 2416 conquisita
659 2335 772 2417 pridem
794 2335 923 2398 inventis
948 2335 1055 2397 addere
1075 2335 1125 2400 vel
1146 2335 1232 2399 novis
1258 2335 1432 2397 coniecturis

175 2458 313 2530 corrupta
335 2458 489 2529 poetarum
511 2447 603 2511 verba
623 2455 775 2528 temptare,
793 2445 849 2509 ‘sed
871 2447 1012 2528 quoniam
1033 2457 1063 2508 et
1084 2447 1206 2528 deipsis
1228 2447 1323 2528 poetis
1346 2457 1375 2508 et
1395 2447 1432 2508 de

176 2580 277 2621 eorum
299 2560 351 2640 qui
371 2567 525 2640 poetarum
551 2559 705 2620 memorias
734 2579 887 2622 servavere
908 2558 966 2619 fide
987 2567 1017 2620 et
1037 2559 1209 2622 auctoritate
1230 2559 1337 2620 rectius
1358 2558 1432 2620 iudi·

176 2690 242 2731 care
263 2671 428 2744 didicimus,
458 2670 548 2750 longo
569 2669 653 2731 aliter
673 2670 769 2731 multa
791 2690 826 2731 ac
847 2671 949 2749 gravia
975 2669 1063 2733 nobis
1089 2669 1323 2732 administranda
1347 2679 1434 2730 erant

175 2801 265 2860 quam
288 2781 360 2843 olim
382 2780 541 2843 Meinekio.
585 2781 631 2842 his
653 2781 741 2861 igitur
762 2780 866 2842 studiis
895 2781 1029 2842 intentus
1055 2801 1126 2842 mox
1152 2800 1220 2841 oum
1241 2780 1432 2842 VDALmova

175 2908 220 2951 nn
236 2892 460 2954 Wruauowmz
488 2891 600 2952 maiora
626 2890 746 2953 molitus
775 2891 908 2952 omnium
936 2900 1089 2972 poetarum
1115 2912 1285 2972 graecorum
1313 2891 1434 2953 disiecta

176 3003 306 3065 membra
327 3003 366 3064 ad
387 3003 477 3064 unius
499 3002 629 3084 corporis
652 3002 776 3082 speciem
798 3003 960 3083 composita
984 3001 1069 3062 edere
1090 3004 1300 3078 constituisset,
1328 3003 1432 3064 libenti

175 3113 274 3175 animo
302 3116 449 3195 privatam
476 3134 571 3175 meam
601 3134 721 3191 operam
748 3113 897 3176 communi
923 3114 1003 3195 operi
1024 3114 1215 3178 commodavi.
1258 3111 1433 3193 itassfactum

173 3233 219 3285 est
247 3233 282 3285 ut
309 3224 422 3286 dudum
455 3234 560 3307 parata
586 3225 762 3287 comicorum
792 3224 879 3286 editio
910 3225 1024 3306 reliqua
1054 3226 1149 3307 opeda
1181 3225 1338 3289 volumina
1365 3225 1434 3287 licet

174 3334 277 3396 ordine
298 3336 397 3417 priora
421 3335 615 3398 antecederet.

258 3447 352 3527 primo
381 3446 437 3509 hoo
466 3445 608 3508 fasciculo
638 3453 791 3527 poetarum
819 3445 989 3509 Siculorum
1018 3456 1047 3507 et
1073 3446 1257 3510 Italiotarum
1290 3467 1366 3528 quae
1394 3468 1432 3508 ex

171 3556 327 3618 comoediis
355 3558 449 3618 mimis
478 3556 657 3638 phlyaoibus
686 3566 847 3637 supersunt
873 3559 1037 3637 composui,
1066 3557 1166 3619 addito
1195 3559 1282 3620 etiam
1304 3558 1431 3637 Sopatro

171 3666 295 3746 Paphio,
322 3668 373 3748 qui
395 3668 463 3731 licet
484 3669 589 3730 atticae
611 3667 776 3730 comoediae
796 3668 957 3728 imitatione
978 3668 1109 3730 imbutus
1132 3668 1208 3730 iusto
1230 3678 1330 3730 tamen
1351 3679 1430 3733 vete-

172 3798 239 3839 rum
266 3777 373 3840 iudicio
402 3778 533 3858 parodus
561 3779 609 3842 vel
631 3778 746 3860 phlyax
771 3779 948 3857 appellatur.
992 3788 1146 3857 poetarum
1166 3779 1295 3861 reliquiis
1323 3780 1432 3842 subieci

172 3887 349 3968 glossarium
364 3889 547 3965 italiotioum,
570 3891 711 3952 sermonis
727 3890 917 3951 Doriensium
932 3900 1079 3971 quotquot
1095 3891 1127 3951 in
1142 3890 1241 3953 Sicilia
1254 3891 1303 3954 vel
1317 3891 1433 3972 Magna

172 3998 300 4061 Graecia
322 4000 405 4063 sedes
421 4000 550 4063 habuere
563 4001 717 4065 vocabulis
733 4000 863 4063 collectis
884 4001 1022 4063 omnibus
1044 4023 1121 4083 quae
1134 4002 1173 4064 ad
1188 4011 1281 4064 certos
1296 4011 1431 4065 auctores

170 4109 272 4170 referri
294 4131 357 4173 non
378 4120 527 4188 poterant,
556 4133 619 4174 non
642 4133 702 4193 quo
724 4113 823 4174 omnia
845 4112 918 4174 haec
939 4134 956 4174 e
977 4112 1156 4175 carminibus
1179 4113 1318 4175 scaenicis
1340 4115 1432 4195 petita

170 4220 338 4296 arbitrarer,
372 4223 424 4284 sed
455 4233 489 4286 ut
521 4223 583 4285 eius
616 4225 758 4286 sermonis
791 4224 953 4304 pleniorem
985 4233 1233 4303 repraesentarem
1266 4225 1429 4305 imaginem,

171 4353 230 4414 quo
253 4333 278 4394 si
300 4334 399 4395 miuus
414 4334 619 4412 Epicharmus,
643 4346 675 4397 at
695 4335 835 4414 Sophron
856 4335 1013 4398 Rhinthon
1036 4335 1133 4398 Soiras
1148 4335 1273 4397 Blaesus
1295 4338 1431 4416 quamvis

169 4443 287 4508 diversa
302 4445 393 4507 secuti
407 4445 532 4508 consilia
553 4448 599 4508 usi
617 4467 682 4508 esse
697 4447 843 4511 videntur.
879 4456 1029 4525 praeterea
1051 4447 1191 4529 quoniam
1212 4446 1287 4509 nihil
1310 4450 1432 4512 interest
