3150 5018
634 271 929 328 TARENTINORVM
1349 272 1412 333 205

241 448 273 498 67
301 443 420 515 Hesyeh.
432 436 544 501 ἄνδικᾶ·
565 435 693 516 ὃβόλος.
714 444 777 514 δίκη
793 435 810 513 ἦ
828 440 860 509 ἐξ
875 437 1004 516 ὑπαρχῆς
1022 443 1193 514 δικαζομένη
1206 439 1286 517 παρὰ
1303 448 1413 516 Ταραν-

154 530 254 595 τίνοις.
277 528 410 584 ineertum
428 523 581 586 ἁᾶνίίκα
599 545 635 583 an
652 522 693 585 τὰ
705 523 829 586 ἄνίικα
848 528 974 583 dixerint.
999 528 1058 583 eine
1071 544 1153 583 eausa
1164 529 1266 584 idonea
1277 529 1415 585 Hemeter-

154 613 252 669 husius
273 613 360 669 verbe
383 608 463 688 παρὰ
484 614 673 685 Ταραντίνοις
695 613 732 667 ad
753 613 875 682 glossam
900 613 1105 668 anteeedentem
1130 613 1267 671 referebat
1290 611 1413 679 ἄνίινος·

155 699 318 771 περίπατος
334 697 379 764 (σί.
397 691 546 756 ἄναίινίω·
564 701 733 770 περιπατῶ).

239 856 272 906 68
303 851 423 923 Hesycli
444 847 578 924 ἄνεγμα
603 846 721 922 ίᾶνεγκα
744 851 824 916 cod)·
856 850 973 923 αἴνιγμα
1002 856 1182 920 Ταραντῖνοι.
1225 855 1274 908 καί
1296 849 1415 924 ἐκβολῆι

154 939 208 995 τοῦ
224 931 292 1003 ἑνὸς
308 947 320 991 ῑ
335 939 384 993 καί
401 940 505 1007 τροπῆι
522 939 577 993 τοῦ
593 935 727 1009 δευτέρου
745 935 786 1002 είς
805 943 820 993 ἐ
840 931 936 1007 ψιλόν.

241 1093 274 1144 69
300 1089 420 1160 Hesych.
438 1083 553 1159 ἄνεμοί
560 1093 633 1155 τας’
658 1085 727 1155 ὄνος
744 1084 853 1159 ἄφετος
873 1083 979 1155 (ὄνομα
997 1084 1127 1160 ἄτρεπτος
1144 1089 1215 1155 eod),
1238 1085 1331 1162 ἱερός,
1353 1099 1415 1154 τοῖς

150 1171 280 1245 Ἀνέμοις
300 1171 447 1244 θυόμενος
467 1174 500 1231 ἐν
520 1176 716 1247 Ταραντίνοις.
752 1174 797 1229 Et.
814 1172 850 1226 M.
870 1177 927 1238 103,
940 1177 972 1226 33
993 1167 1149 1243 ἄνεμᾶτας·
1174 1169 1254 1247 παρὰ
1277 1172 1414 1245 Ταραντί-

154 1280 216 1326 νοις
239 1253 256 1317 ὃ
281 1255 350 1326 ὄνος
374 1256 390 1317 ὁ
413 1252 536 1328 Ἀνέμοις
558 1254 711 1326 θυόμενος.
746 1257 865 1314 conicias
884 1250 1054 1327 ἄνεμοίτας,
1080 1260 1129 1314 sed
1148 1251 1250 1331 Ἀθηνᾶ
1266 1253 1415 1327 Ἀυεμιῦτις

154 1344 301 1400 Methonae
318 1343 380 1410 fuit,
396 1344 514 1399 Pausan.
532 1345 571 1400 IV
589 1349 631 1410 35,
644 1349 668 1399 8.
703 1343 737 1398 ef.
755 1342 975 1399 Preller-Robeit
990 1360 1018 1412 p.
1030 1349 1090 1408 474,
1102 1348 1127 1397 2.

240 1519 273 1569 70
308 1514 427 1586 Hesych.
453 1511 587 1573 ἄνθεται·
613 1510 762 1586 ἐλεύθεροι
788 1509 867 1584 παρὰ
899 1515 1094 1585 Ταραντίνοις.
1133 1512 1251 1569 fortasse
1277 1509 1413 1570 ἄνθετοι·

153 1591 354 1671 ἄπελεᾶθεροι.

241 1756 272 1806 71
300 1751 419 1823 Hesych.
437 1747 568 1823 ἄννωμα·
586 1747 784 1823 θρυπτόμενα.
823 1755 1003 1824 Ταραντῖνοι.
1038 1752 1111 1806 idem
1130 1743 1294 1818 ἄννωδειιῖς·
1312 1771 1413 1824 τρυφε·

155 1839 222 1905 ρῶς,
240 1841 383 1909 σοβαρῶς.
419 1837 593 1893 scn‘bendum
610 1838 721 1892 videtur
743 1831 940 1906 ἄννώματα.
975 1836 1010 1891 cf.
1032 1837 1105 1891 idem
1129 1834 1262 1905 νώματα·
1285 1835 1333 1894 ἐπί
1356 1841 1414 1893 των

153 1917 318 1994 ὑποζυγίων
329 1919 365 1979 τᾶ
379 1925 564 1995 γνωρίσματα
583 1923 670 1992 (quod
682 1922 717 1977 ad
735 1917 872 1993 γνωματα
884 1922 1019 1991 peitinere
1030 1927 1146 1991 putanti.
1183 1919 1212 1978 οἳ
1230 1922 1260 1980 δὲ
1276 1918 1313 1979 τὰ
1325 1921 1413 1993 θρέμ-

153 2027 233 2076 ματα
251 2003 455 2079 (3ρῦμματαί).
490 2008 539 2063 sed
561 2008 666 2062 inutilis
689 2007 842 2062 coniciendi
861 2023 957 2076 opera,
979 2023 1081 2062 nomen
1099 2007 1254 2072 obscurum,
1270 2006 1324 2061 nisi
1342 2006 1414 2061 forte

154 2092 278 2148 eiusdem
296 2093 388 2163 stirpis
406 2100 449 2149 est
465 2093 542 2149 euius
564 2090 693 2165 νώγαλα,
711 2109 739 2146 v.
758 2092 877 2164 Hesyeh.
896 2090 1101 2165 νωγαλεύματα
1122 2131 1149 2150 ..
1170 2089 1199 2150 οἳ
1216 2091 1246 2149 δὲ
1264 2087 1299 2148 τὰ
1316 2085 1355 2162 μὴ
1374 2091 1414 2156 εἰς

152 2179 317 2252 χορτασίαν
334 2172 406 2236 ἄλλᾶ
425 2174 554 2251 τρυφερά
571 2179 708 2249 (πυρσοί).

241 2335 273 2385 72
300 2330 419 2403 Hetyeh.
437 2328 573 2400 ἄντομαι·
588 2327 727 2408 Ὶὺπαντιῦ,
746 2326 872 2388 ίκετεύω.
907 2328 926 2402 ἢ
943 2329 973 2388 αἱ
990 2327 1117 2400 καλᾶμαι
1139 2325 1197 2387 ὑπὸ
1219 2331 1414 2401 Ταραντίνων.

154 2417 241 2471 altera
257 2417 446 2485 intemletefio
462 2416 499 2470 ad
511 2411 531 2472 ἄ
536 2436 660 2487 ντομοι
671 2417 807 2486 pertinere
819 2417 937 2484 videtur,
955 2416 1075 2488 Hesyeh.
1088 2410 1244 2484 ἄντόμους’
1258 2411 1414 2479 σκόλοπας.

155 2502 281 2558 Σικελοί.
316 2500 346 2554 in
363 2500 464 2555 tabulis
481 2501 708 2557 Heracleeneibus
725 2499 853 2570 ἄντομος
870 2502 918 2557 via
935 2509 984 2556 est.

241 2658 273 2708 73
300 2653 419 2724 Hesych.
442 2647 647 2726 ἄπαρτᾶειν’
671 2647 892 2728 ἀποκηρύσσειν.
932 2659 1112 2726 Ταραντῖνοι.
1148 2654 1182 2709 ef.
1204 2654 1288 2708 Inser.
1312 2653 1363 2708 Sic.
1387 2662 1415 2708 et

153 2739 215 2794 Ital.
232 2755 260 2808 p.
279 2742 337 2792 174.

241 2897 274 2947 74
300 2891 419 2963 Hesych.
438 2885 651 2950 ἄποκλωνεῑ’
671 2885 868 2964 ἄποστρ.φεῖ.
897 2896 1078 2966 Ταραντῖνοι.
1113 2892 1163 2946 vix
1180 2899 1223 2946 est
1242 2891 1318 2960 quod
1334 2890 1414 2945 facile

154 2977 274 3034 conicias
292 2971 468 3035 ἄποκλονεῑν
484 2977 607 3032 verbum.

242 3135 274 3184 75
301 3129 420 3201 Hesych.
439 3122 630 3202 ἄπόληρος·
649 3125 665 3201 ἡ
683 3135 737 3188 τοῦ
753 3127 884 3189 θανᾶτου
901 3127 1006 3202 γραφή.
1034 3135 1212 3202 Ταραντῖνοι.
1248 3129 1413 3185 vocabulum

156 3221 189 3268 ut
204 3215 316 3271 videtur
333 3221 499 3283 comptum,
515 3214 632 3271 foitesse
650 3215 685 3271 ab
704 3209 845 3272 ἄπολίσαι
863 3215 950 3270 verbo
970 3216 1090 3270 ductum.

243 3371 275 3420 76
304 3367 423 3438 Hesych.
442 3361 591 3442 ἄρβᾶλη·
610 3365 735 3441 τήγανον
755 3363 938 3440 ἄστρᾶκινον.
978 3372 1158 3440 Ταραντῖνοι.

243 3525 275 3574 77
302 3520 422 3594 Hesych.
449 3513 616 3595 ἄρμόγαλα·
645 3517 680 3579 τὰ
709 3515 867 3595 ἄρτᾶματα.
915 3524 1094 3593 Ταραντῖνοι.
1133 3520 1207 3575 idem
1233 3514 1414 3593 ἄρμοίματα·

157 3598 308 3679 ἄρτᾶματα
331 3615 361 3661 et
381 3603 515 3680 ἄρμωλα’
538 3600 696 3680 ἄρτυματα.
731 3600 870 3679 Ἂρκᾶδες.
903 3608 951 3660 καί
976 3598 1145 3677 ἄρμᾶμαλα.
1180 3623 1241 3661 cum
1265 3599 1414 3676 ἄρτύματα

158 3690 214 3744 sint
231 3691 418 3756 eondimenta‚
440 3706 498 3746 non
519 3698 629 3759 poterat
645 3693 700 3748 alio
720 3708 803 3749 sensu
822 3691 967 3760 quiequam
988 3691 1226 3760 grammaticorum
1249 3691 1415 3746 vocabulum

158 3774 227 3829 illud
244 3775 438 3844 interpretatus
450 3791 518 3830 esse.
548 3775 697 3830 concidunt
713 3776 798 3845 igitur
816 3791 886 3845 quae
898 3776 1008 3831 Meister
1025 3777 1154 3845 exposuit
1170 3778 1199 3830 in
1217 3776 1321 3830 Kuhnii
1337 3775 1415 3830 Ann.

158 3858 257 3913 XXXI
268 3864 328 3926 313,
347 3861 395 3929 qui
405 3856 579 3931 sapuistiia
592 3867 621 3915 et
630 3857 814 3931 saeuitiam
830 3860 954 3930 intellegi
965 3861 1064 3926 voluit,
1083 3877 1198 3930 quorum
1210 3862 1286 3931 prius
1298 3877 1332 3916 ex
1343 3861 1414 3933 sap-

158 3946 261 4014 (ίαρονο)
281 3951 309 4000 et
319 3946 383 4002 fst-
401 3946 445 4012 (cf.
457 3941 547 4018 είλαρ)
565 3945 747 4013 compositum
766 3953 845 4001 esset.
868 3945 986 4002 fortasse
998 3946 1053 4002 duo
1070 3947 1207 4003 vocabula
1218 3954 1283 4003 sunt
1299 3941 1414 4021 ἄρμιό-

157 4049 249 4096 ματα
268 4030 312 4093 (ab
331 4024 425 4103 ἄρμός
442 4025 557 4102 ἄρμόω)
574 4037 602 4086 et
619 4021 758 4102 ἄρμαλα
776 4031 862 4098 (unde
879 4025 1026 4102 ἄρμαλιᾶ).

244 4202 277 4253 78
303 4198 423 4271 Heeyeh.
441 4194 643 4268 ἄστᾶξενοι·
665 4198 692 4257 οἳ
703 4196 741 4272 μὴ
754 4195 870 4272 ἔχοντες
881 4198 913 4257 ἐν
925 4203 969 4270 τῆι
981 4197 1065 4257 πόλει
1083 4201 1178 4259 οἰκίαν
1195 4202 1277 4258 ίδίαν.
1304 4207 1414 4275 Ταραν-

156 4291 239 4340 τῖνοι.
264 4283 343 4338 aliter
360 4277 517 4352 ἄστόξενος
534 4285 697 4355 explicatum
711 4286 876 4341 aPausania
886 4287 1081 4357 Dionysioque
1093 4286 1294 4356 lexicogiephie
1305 4294 1415 4343 auctore

155 4367 345 4438 Aiietophane
362 4369 496 4441 Byzantio
518 4371 593 4440 apud
610 4371 687 4425 Euet.
704 4375 764 4437 405,
781 4377 822 4425 35.
858 4370 892 4426 cf.
912 4371 1047 4427 Schwabe
1064 4371 1148 4427 Dion.
1171 4378 1198 4427 et
1214 4371 1296 4427 Paus.
1316 4372 1414 4442 fragm.

156 4468 185 4521 p.
202 4457 245 4508 43.
263 4458 322 4508 τοι.
