3150 5018
472 267 494 316 E
511 268 617 320 LIBRO
634 269 850 321 GIrOSSARVM.
886 269 933 318 DE
950 269 1031 319 COM.
1048 269 1180 320 1³0ch
1415 267 1454 326 73

263 443 333 497 tam.
371 435 450 499 dicta
471 449 569 501 autem
591 449 644 514 est,
666 451 700 502 ut
715 440 835 520 quidam
856 439 965 515 ferunt,
988 459 1006 500 a
1026 449 1110 520 trago
1132 440 1190 502 hoc
1205 448 1251 500 est
1265 439 1353 511 hirco,
1375 441 1457 521 qnod

265 536 346 598 initio
373 540 548 602 canentibus
575 542 737 620 praemium
764 551 828 603 erat
854 540 961 603 hircus.
1012 544 1061 604 10.
1088 543 1147 602 iam
1173 542 1280 603 dehinc
1307 542 1458 623 tragoedia

264 658 318 717 per
331 641 520 720 insequentes
541 653 644 720 poetas
666 644 794 705 multum
815 644 916 706 florem
938 642 1046 722 adepta
1060 653 1105 705 est
1126 643 1268 706 inchoris
1289 645 1321 705 in
1336 646 1457 707 canticis

260 749 289 801 et
302 741 335 802 in
350 745 534 823 argumentis
548 743 720 806 fabularum
734 745 773 806 ad
788 746 918 807 veritatis
933 745 1090 824 imaginem
1104 744 1188 807 fictis.
1229 748 1277 810 11.
1292 746 1456 826 tragoedias

261 851 360 905 autem
381 844 500 907 Ennius
522 845 583 908 fere
604 866 707 909 omnes
729 868 766 908 ex
787 846 898 926 graecis
920 846 1087 920 transtulit,
1113 846 1256 925 plurimas
1277 845 1350 930 (ex)
1371 849 1457 911 Euri·

260 945 361 1023 pideis,
390 947 557 1010 nonnullas
578 947 779 1010 Aristarchiis.
824 947 990 1028 tragoedias
1019 948 1243 1029 comoediaeque
1264 950 1376 1026 primus
1397 951 1458 1030 egit

259 1039 395 1128 idemque
422 1049 509 1110 etiam
537 1051 703 1128 composuit
723 1049 828 1111 Livius
850 1048 1043 1110 Andronicus
1071 1049 1185 1128 duplici
1210 1060 1280 1131 toga
1301 1050 1457 1114 infulatus.

265 1151 312 1211 12.
334 1150 541 1231 tragoedorum
555 1154 671 1214 coturni
689 1162 768 1227 sunt,
791 1171 867 1231 quos
881 1149 1001 1230 quidam
1023 1151 1109 1211 etiam
1124 1151 1244 1214 calones
1259 1153 1457 1231 appellarunt

727 1441 931 1449 *-

515 1657 603 1723 XIV.
639 1658 699 1724 DE
722 1658 950 1726 COMOEDIA
972 1657 1147 1725 DORIOA.

234 1808 237 1816 '
290 1815 317 1878 1.
342 1812 466 1875 Aristot.
485 1812 568 1874 Poet.
590 1816 651 1875 o.3
674 1834 705 1894 p.
721 1816 835 1876 1448a
857 1816 898 1876 29
921 1808 970 1877 διὸ
999 1818 1053 1876 καί
1082 1810 1328 1878 ἀντιποιοῦνται
1350 1821 1406 1895 τῆς
1428 1837 1460 1878 τε

203 1919 397 1998 τραγωιδίας
418 1920 473 1978 καί
496 1922 554 1997 τῆς
576 1919 760 1992 κωμωιδίας
782 1919 817 1980 ol
840 1917 1028 1995 Δωριεῖς·
1048 1921 1105 1996 τῆς
1124 1918 1184 1992 μὲν
1201 1911 1262 1995 γάρ
1277 1920 1461 1993 κωμωιδίας

202 2020 245 2084 ol
266 2027 467 2100 Μεγαρεῖς
495 2020 532 2081 οί
557 2039 590 2080 τε
619 2017 761 2082 ἐνταῦθα
791 2014 836 2095 ὡς
858 2018 909 2081 ἐπὶ
930 2025 987 2098 τῆς
1009 2014 1091 2098 παρ’
1112 2014 1225 2094 αύτοῖς
1247 2022 1462 2098 δημοκρατίας

203 2122 380 2202 γενομένης
408 2123 462 2183 καί
488 2121 520 2183 οί
543 2118 577 2183 ἐκ
599 2124 749 2196 Σικελίας
771 2120 908 2196 (ἐκεῖθεν
929 2117 991 2201 γὰρ
1013 2114 1053 2200 ἦν
1077 2115 1266 2200 Ἐπίχαρμος
1287 2115 1305 2183 ό
1329 2117 1462 2202 ποιητὴς

202 2229 331 2288 πολλωι
361 2217 519 2302 πρότερος
548 2216 596 2284 ὤν
619 2224 784 2286 Χιωνίδου
812 2227 866 2286 καί
887 2218 1084 2302 Μάγνητος),
1112 2226 1166 2284 καί
1192 2229 1247 2302 τῆς
1269 2226 1462 2305 τραγωιδίας

204 2325 287 2390 ἔνιοι
309 2329 377 2388 τῶν
399 2324 434 2386 ἐν
456 2319 722 2403 Πελοποννήσωι,
746 2319 938 2400 ποιούμενοι
962 2320 1001 2388 τά
1022 2319 1167 2400 ὀνόματα
1191 2337 1339 2405 σημεῖον·
1369 2322 1462 2388 αὐτοὶ

203 2431 264 2506 μὲν
286 2423 348 2508 γάρ
370 2421 483 2502 κώμας
504 2421 562 2501 τὰς
584 2429 780 2504 περιοικίδας
808 2434 919 2490 καλεῖν
942 2444 1050 2505 φασιν,
1081 2422 1241 2506 Ἀθηναῖοι
1270 2429 1302 2490 δὲ
1331 2423 1463 2508 δήμους,

205 2526 252 2608 ὡς
273 2523 464 2604 κωμωιδούς
488 2523 549 2590 ούκ
572 2522 636 2590 άπὸ
659 2535 720 2591 τοῦ
742 2524 903 2608 κωμάζειν
926 2530 1097 2608 λεχθέντας
1120 2522 1203 2592 α’λλά
1225 2535 1276 2608 τῆι
1297 2524 1379 2592 κατὰ
1401 2522 1463 2591 κω’-

205 2656 268 2709 μας
289 2627 410 2712 πλάνηι
433 2626 687 2709 ἀτιμαζομένους
709 2629 744 2692 ἐκ
767 2636 828 2694 τοῦ
850 2622 982 2709 άστεως,
1014 2634 1068 2693 καί
1096 2626 1133 2694 τὸ
1160 2643 1265 2693 ποιεῖν
1289 2627 1383 2694 αύτοί
1403 2633 1463 2707 μὲν

206 2739 298 2816 δρᾶν,
318 2730 508 2813 Ἀθηναίους
530 2733 563 2794 δὲ
585 2725 738 2812 πράττειν
761 2727 1023 2814 προσαγορεύειν.

292 2836 322 2898 2.
341 2832 454 2897 Athen.
466 2831 550 2894 XIV
563 2830 653 2894 621d
667 2828 755 2913 παρά
771 2836 804 2897 δὲ
819 2837 1164 2909 Λακεδαιμονίοις
1178 2840 1321 2914 κωμικῆς
1335 2837 1463 2910 παιδιᾶς

182 2930 247 3018 ’ἦν
269 2960 317 3013 τις
338 2928 461 3017 τρόπος
483 2927 632 3010 παλαιός,
655 2929 701 3011 ὥς
723 2952 799 3015 φησι
822 2941 993 3014 Σωσίβιος,
1016 2931 1078 2998 ούκ
1097 2925 1179 3013 άγαν
1196 2939 1383 3014 σπουδαῖος,
1407 2930 1462 2999 άτε

207 3034 244 3121 δὴ
266 3036 328 3103 κάν
349 3032 481 3113 τούτοις
503 3032 539 3099 τὸ
562 3031 656 3100 λιτὸν
677 3043 734 3117 τῆς
755 3033 909 3119 Σπάρτης
930 3032 1199 3117 μεταδιωκούσης.
1238 3036 1378 3113 ἐμιμεῖτο
1400 3033 1460 3116 γάρ

206 3165 256 3218 τις
277 3140 312 3203 ἐν
335 3136 457 3203 εύτελεῖ
477 3145 527 3219 τῆι
550 3139 633 3215 λέξει
655 3135 854 3216 κλέπτοντάς
882 3163 973 3216 τινας
997 3133 1134 3219 ὀπώραν
1156 3135 1174 3219 ἢ
1199 3134 1327 3216 ξενικὸν
1350 3134 1463 3217 ἰατρὸν

207 3246 334 3306 τοιαυτὶ
354 3243 502 3319 λέγοντα,
526 3236 570 3317 ὡς
588 3236 703 3318 Ἄλεξις
726 3242 761 3305 ἐν
784 3242 1122 3324 Μανδραγοριζομένηι
1146 3237 1197 3304 διά
1219 3235 1349 3304 τούτων
1371 3246 1464 3319 παρί-

208 3360 318 3424 στησιν
349 3341 396 3419 (Π
417 3345 480 3405 348
503 3340 607 3416 Kock)
631 3391 688 3406 ...
721 3343 899 3413 ἐκαλοῦντο
923 3341 958 3406 δ’
980 3348 1011 3415 οἱ
1032 3338 1195 3421 μετιόντες
1222 3338 1281 3425 τὴν
1309 3337 1464 3422 τοιαύτην

207 3440 339 3510 παιδιὰν
370 3440 458 3526 παρὰ
488 3457 558 3520 τοῖς
585 3439 716 3508 Λάκωσι
745 3448 993 3525 δικηλισταί,
1027 3451 1072 3523 ως
1102 3443 1142 3510 ἄν
1171 3470 1220 3523 τις
1250 3442 1465 3520 σκευοποιοὺς

209 3548 294 3630 είπηι
314 3552 370 3611 καί
389 3543 535 3629 μιμητάς.
581 3553 642 3610 τοῦ
671 3548 704 3609 δὲ
731 3545 837 3623 εἴδους
859 3555 926 3611 των
949 3551 1142 3629 δικηλιστων
1164 3553 1284 3612 πολλαί
1305 3542 1388 3611 κατά
1410 3541 1466 3610 τό·

208 3673 294 3727 πους
315 3652 375 3713 εἰσί
395 3652 618 3731 προσηγορίαι.
664 3644 890 3713 Σικυώνιοι
917 3653 977 3726 μὲν
1006 3644 1066 3729 γάρ
1090 3643 1387 3731 φαλλοφόρους
1409 3645 1466 3711 αύ-

208 3747 288 3829 τούς
302 3757 470 3831 καλοῦσιν,
497 3741 593 3815 άλλοι
609 3747 644 3814 δ’
659 3747 936 3829 αὐτοκαβδάλους,
959 3753 993 3816 οἳ
1007 3754 1040 3815 δὲ
1057 3746 1214 3831 φλύακας,
1237 3747 1289 3828 ὡς
1312 3747 1464 3829 Ἰταλοί,

210 3848 365 3932 σοφιστάς
395 3855 428 3916 δὲ
456 3854 487 3917 ol
517 3857 647 3933 πολλοί,
685 3860 819 3934 θηβαῖοι
842 3855 874 3915 δὲ
897 3850 936 3916 τὰ
959 3849 1066 3917 πολλὰ
1090 3857 1177 3931 ίδίως
1199 3847 1373 3932 ὀνομάζειν
1396 3855 1466 3914 είω·

208 3951 305 4032 θότες
326 3950 499 4031 ἐθελοντάς
514 3953 555 4031 (l)
570 4004 578 4020 .
591 4005 621 4020 ..
643 3962 753 4036 Σῆμος
776 3951 846 4019 δ’ὁ
872 3949 989 4035 Δήλιος
1011 3955 1046 4019 ἐν
1067 3961 1127 4018 τῶι
1148 3959 1226 4036 Περί
1249 3948 1398 4017 παιάνων
1415 3949 1464 4015 ιοῖ

295 4176 328 4226 23
346 4170 412 4241 fort.
430 4175 447 4223 i.
465 4189 488 4224 e.
506 4175 612 4224 canticis
680 4175 722 4224 30.
735 4175 767 4224 31
786 4174 912 4236 plurimas
929 4174 1070 4236 Euripides
1087 4172 1114 4223 σί
1129 4173 1285 4223 aristarchus
1306 4168 1379 4223 GM:
1398 4185 1466 4223 σοιν.

215 4256 317 4312 Usener
385 4261 417 4312 31
436 4260 537 4324 primus
558 4255 596 4310 G:
615 4259 707 4309 ennius
724 4259 823 4322 primus
840 4255 877 4309 Μ
942 4259 975 4309 32
994 4259 1136 4322 composuit
1153 4259 1232 4307 libius
1253 4253 1292 4309 G:
1311 4271 1363 4309 om.
1381 4254 1418 4308 Μ

210 4347 335 4396 infolatus
351 4342 388 4396 Μ
454 4347 488 4397 33
506 4344 611 4408 quidam
629 4341 699 4396 Istc.
716 4343 757 4409 19,
772 4342 823 4394 34:
850 4345 955 4406 quidem
976 4340 1040 4395 GM
1106 4344 1206 4393 calones
1223 4339 1293 4395 leid.
1312 4340 1376 4394 la:
1400 4345 1466 4392 colo-

210 4446 256 4481 nos
276 4426 303 4482 G
