3150 5018
657 253 809 303 TZETZAE
1322 249 1361 307 27

66 433 96 482 75
105 446 203 500 μενος
232 430 484 505 παρεγκλιτικῶς
513 419 621 501 οὕτως
649 423 743 488 εἶπον
764 420 822 501 τάς
843 428 997 507 τέσσαρας
1016 421 1149 507 χάριτας
1178 419 1362 503 τοῦλόγου

108 530 162 588 καί
184 522 308 606 άρετάς,
330 521 389 607 τήν
411 549 445 590 τε
467 521 645 608 σαφήνειαν
667 531 720 589 καί
744 523 803 608 τήν
826 533 1004 603 συντομίαν
1025 523 1063 591 τὸ
1086 521 1231 591 πιθανόν
1253 548 1287 589 τε
1309 530 1363 588 καὶ

108 622 209 709 αὐτὴν
230 622 289 708 τήν
310 629 600 710 μεγαλοπρέπειαν·
624 625 642 691 ὃ
664 624 725 710 γάρ
748 636 815 692 τῶν
831 625 1005 706 ὀνομάτων
1020 624 1211 711 έλληνισμὸς
1225 632 1279 691 καί
1293 634 1362 706 τῶν

108 730 226 806 λέξεων
249 724 383 811 ἐργάτης
404 737 460 812 τῆς
482 735 655 812 σαφηνείας
677 730 772 796 ἐστίν.

192 866 236 924 ΙΙΙ
262 870 307 930 11.
332 870 410 947 Περὶ
437 873 583 947 ποιητῶν
611 862 769 942 πολλάκις
797 862 875 942 ὑμῖν
904 862 1090 943 ἐδιδάξαμεν
1118 870 1172 928 καί
1205 871 1277 948 περί
1306 872 1363 947 τῆς

66 964 262 1048 8οάγοραίας
283 972 337 1030 καί
360 963 543 1046 άγυιάτιδος
565 972 747 1044 κωμωιδίας
772 962 837 1050 [καί
856 961 1072 1050 α’γυρτρίδος],
1095 963 1145 1031 ότι
1160 990 1194 1031 τε
1209 975 1363 1049 γεωργῶν

108 1065 229 1151 εὕρημα
258 1074 312 1133 καί
340 1063 392 1132 ότι
420 1074 612 1151 τραγωιδίας
639 1066 743 1152 μήτηρ
772 1071 838 1133 έστί
866 1074 920 1132 καί
950 1065 1119 1151 σατύρων·
1152 1076 1214 1133 νῦν
1237 1073 1269 1133 δέ
1291 1075 1363 1151 περὶ

108 1177 164 1252 τῆς
179 1175 315 1252 λογίμης
335 1167 412 1252 ήμῖυ
434 1175 618 1248 κωμωιδίας
638 1168 742 1253 μόνης
763 1172 829 1235 έστί
851 1172 1025 1237 διδακτέον.
1075 1175 1121 1235 12.
1147 1167 1260 1252 αὕτηή
1277 1193 1380 1247 ιιωμ·4

32 1330 34 1334 ,
109 1276 201 1336 ωιδία
223 1267 333 1355 τριττή
355 1273 435 1352 έστι,
459 1269 571 1355 πρώτη
592 1275 670 1355 μέση
692 1278 746 1336 καί
768 1269 895 1355 ὑστέρα.
941 1267 990 1336 (όν
1012 1279 1069 1353 τῆς
1089 1276 1149 1349 μέν
1171 1268 1301 1354 πρώτης
1323 1266 1364 1354 ἦν

109 1370 275 1453 γνώρισμα
296 1379 443 1457 λοιδορία
464 1371 634 1456 συμφανής
660 1380 715 1438 καὶ
741 1369 1034 1456 άπαρακάλυπτος·
1061 1382 1117 1456 τῆς
1138 1377 1233 1456 μέσης
1256 1377 1363 1438 δὲκαὶ

68 1484 97 1534 85
110 1479 258 1557 δευτέρας
286 1470 325 1558 ἦν
347 1472 513 1559 γνώρισμα
534 1473 571 1541 τὸ
595 1479 893 1558 συμβολικωτέρως,
925 1473 967 1558 μή
989 1473 1178 1558 καταδήλως
1199 1479 1302 1555 λέγειν
1323 1473 1364 1540 τά

109 1574 301 1658 σκώμματα,
330 1577 405 1643 οἷον
426 1574 485 1643 τὸν
508 1579 666 1660 ῥίψασπιν
689 1575 869 1660 στρατηγόν
890 1575 985 1642 άετόν
1008 1575 1087 1657 ὄφιν
1109 1576 1226 1642 α’σπίδα
1249 1575 1365 1660 κρατή·

109 1695 210 1744 σαντα
238 1685 292 1743 καὶ
321 1682 478 1761 δηχθέντα
505 1677 568 1746 ὑπ’
591 1678 692 1764 αότῆς
721 1676 822 1763 ου’τήν
852 1679 1032 1763 άπορρίφαι
1060 1678 1160 1756 (Arist.
1184 1682 1275 1759 Vesp.
1303 1685 1362 1759 16).

109 1782 223 1863 ἐχρᾶτο
251 1785 284 1845 δέ
311 1777 392 1862 αὕτη
414 1779 433 1862 ἣ
454 1785 532 1864 μέση
555 1787 624 1860 τοῖς
646 1789 856 1860 συμβολικοῖς
877 1778 1008 1859 τοότοις
1031 1779 1219 1860 σκώμμασιν
1242 1782 1364 1861 ὁμοίως

109 1884 161 1946 ἐπί
182 1905 216 1946 τε
239 1885 343 1960 ξένων
365 1888 419 1946 καὶ
441 1891 594 1949 πολιτῶν.
637 1890 683 1949 13.
709 1891 763 1949 καί
786 1882 805 1966 ἡ
827 1890 918 1966 τρίτη
942 1889 974 1949 δέ
996 1891 1050 1948 καί
1071 1883 1190 1967 ὑστέρα
1213 1892 1364 1963 συμβολι-

65 1991 173 2061 9οκῶς
195 1982 318 2062 ὁμοίως
340 1987 454 2067 ἐχρᾶτο
476 2000 546 2063 τοῖς
569 1983 768 2066 σκώμμασιν,
798 1983 881 2050 άλλδι
909 1983 991 2051 κατά
1021 1984 1151 2065 δφόλων
1173 1994 1227 2052 καί
1249 1990 1363 2068 ξένων,

108 2084 150 2151 οδ
170 2089 317 2166 μέντοιγε
338 2084 420 2151 κατά
441 2095 599 2153 πολιτῶν·
629 2086 688 2206 ήδη
710 2087 771 2171 γάρ
791 2092 822 2153 οἱ
843 2096 973 2153 πολῖται
996 2086 1117 2154 α’δικεῖυ
1139 2086 1365 2172 ἀναιδέστερον

108 2184 249 2269 ήρξαντο
271 2194 325 2252 καί
348 2187 408 2253 οὐκ
430 2187 551 2271 ἤθελον
573 2186 660 2272 παρὰ
683 2199 828 2273 ποιητῶν
856 2196 924 2254 τῶν
946 2196 1000 2254 καί
1022 2186 1225 2255 διδασκάλων
1247 2199 1366 2256 καλου·

108 2293 217 2393 μένων
240 2292 428 2371 ἐλέγχεσθαι.
478 2297 524 2358 14
548 2301 605 2374 τῆς
633 2288 694 2358 οὖν
723 2296 907 2370 κωμωιδίας
934 2300 990 2374 τῆς
1012 2295 1214 2374 καλουμένης
1235 2289 1365 2375 πρώτης

109 2390 240 2473 πρῶτος
261 2398 315 2456 καί
337 2390 505 2475 εὑρετήςγ
486 2392 658 2473 γέγονεν
646 2419 664 2458 ο
686 2391 851 2476 Μεγαρεὺς
865 2400 1018 2476 Σουσαρί
1018 2417 1067 2457 ων
1088 2417 1107 2458 ο
1134 2399 1365 2476 Τριποδίσκιος,

68 2502 105 2553 95
110 2489 227 2572 vids-'¹
200 2518 249 2558 ων
276 2501 441 2575 Φιλίυνου,
471 2491 507 2572 ὃς
534 2492 655 2578 φαόληι
683 2502 812 2576 γυναικί
835 2504 999 2561 συνοικῶν
1022 2493 1240 2578 άπολιποόσηι
1263 2493 1366 2561 αότὸν

109 2597 293 2662 Διονυσίων
325 2594 472 2679 ήγμέυων
506 2594 662 2662 εἰσελθών
695 2602 739 2674 εἰς
768 2596 806 2663 τὸ
836 2601 977 2681 θέατρον
1005 2596 1045 2663 τά
1073 2601 1211 2681 τέσσαρα
1240 2604 1365 2678 ἰαμβεῖα

109 2704 203 2763 ταυτί
224 2696 456 2779 ἀνεφθέγξατο,
491 2695 510 2763 ά
538 2696 624 2776 μόνα
653 2707 722 2764 τῶν
745 2701 871 2765 ἐκείνου
895 2695 1151 2782 συγγραμμάτων
1173 2697 1364 2784 έφεόρηνται

109 2807 178 2865 τῶν
200 2798 349 2866 ἄλλωνι
335 2797 497 2866 απάντων
511 2799 761 2883 ἠφανισμένων·

355 2901 488 2969 άκοόετε
510 2900 603 2967 λεώι·
624 2910 821 2985 Σουσαρίων
842 2906 925 2984 λέγει
947 2899 1030 2983 τάδε,

59 3010 102 3062 100
359 3002 431 3084 υίὸς
456 3011 620 3085 Φιλίννου,
643 3001 832 3088 Μεγαρόθεν
859 3009 1097 3086 Τριποδίσκιος·

357 3103 459 3172 κακὸν
481 3120 642 3186 γυναῖκες,
665 3104 737 3170 ἀλλ’
759 3103 857 3186 ὅμως,
881 3099 908 3170 ῶ
932 3103 1075 3188 δημόται,

356 3208 418 3276 οὐκ
440 3206 528 3274 ἔστιν
550 3207 656 3291 εὑρεῖν
679 3214 787 3274 οίκίαυ
810 3207 888 3274 ἄνευ
911 3215 1024 3273 κακοῦ.

114 3314 160 3377 15.
193 3307 301 3390 οὕτως
332 3309 351 3395 ἡ
385 3307 496 3394 πρώτη
529 3315 696 3389 κωμωιδία
727 3308 766 3376 τὸ
800 3318 935 3388 σκῶμμα
965 3310 1047 3390 εἶχεν
1073 3306 1360 3391 α’παρακάλυπτον.

110 3409 257 3495 ἐξήρκεσε
279 3418 312 3479 δέ
333 3411 370 3478 τό
392 3408 677 3496 ἀπαρακαλύπτως
699 3409 822 3477 οὑτωσὶ
843 3417 1025 3491 κωμωιδεῖν
1045 3415 1154 3495 μέχρις
1169 3410 1366 3489 Εὐπόλιδος·

207 3655 239 3705 τε
268 3647 481 3720 παρείκασι
502 3653 556 3702 ie.
579 3652 733 3716 embolim
764 3650 869 3714 Sappho
895 3650 963 3699 enim
988 3650 1014 3712 (ι
1031 3650 1122 3717 vap«)
1146 3654 1193 3714 ιῆι
1219 3637 1368 3717 σαφηνέως

110 3738 272 3802 exemplum,
290 3738 374 3800 Gorgo
393 3740 440 3800 τῆς
457 3741 606 3803 συντομίαε
623 3738 734 3805 (γοργόν
751 3736 820 3785 enim
836 3735 967 3785 concisum
984 3735 1087 3784 dicendi
1104 3736 1204 3798 genus),
1229 3735 1261 3783 τὸ
1279 3731 1366 3784 πιθα-

111 3823 163 3872 νὸν
181 3825 229 3887 τῆς
243 3820 379 3883 Πειθοῦς,
405 3820 593 3886 magnificentia
609 3827 695 3872 autem
714 3821 864 3886 Polymniae
883 3825 929 3882 est,
947 3835 1024 3882 quam
1043 3820 1098 3884 ipse
1115 3819 1209 3869 Tzetza
1226 3833 1251 3868 v.
1264 3820 1297 3869 52
1316 3819 1367 3881 τήν

110 3901 408 3975 μεγαλοπρεπεστάτην
424 3908 526 3957 dixerat
620 3909 654 3958 80
675 3910 721 3957 καλ
739 3900 901 3975 ἀγυρτρίδοε
917 3909 1078 3969 suspectum
1105 3903 1200 3954 similia
1217 3908 1323 3953 narrata
1338 3903 1366 3952 in

111 3991 192 4042 schol.
208 3992 314 4056 Dionys.
332 4007 412 4056 supra
428 3994 497 4055 p.12
601 3993 633 4043 89
657 3985 768 4059 λ’σγίμητ
783 3991 802 4043 i.
814 4007 836 4041 ο.
854 4005 921 4053 quae
938 4004 986 4054 per
1002 3989 1102 4039 litteras
1126 3987 1221 4039 tradita
1243 3993 1299 4038 erat

95 4077 146 4127 ’84
154 4092 192 4139 sq.
210 4079 243 4127 τί.
260 4079 345 4129 Trici.
363 4077 468 4128 Goislin.
486 4075 531 4143 §4
608 4079 641 4129 85
660 4079 720 4126 fort.
737 4075 809 4141 (uui)
825 4077 862 4141 μή
942 4077 975 4127 86
992 4075 1052 4124 fort.
1071 4074 1171 4141 ὄφινῆ
1191 4067 1297 4124 ἀσπίδα

111 4163 154 4226 89.
164 4163 198 4213 90
215 4163 274 4212 tort.
287 4156 462 4229 συμβολικστε
513 4163 546 4214 95
566 4156 674 4229 φιλίνου
685 4161 722 4222 Δ,
740 4161 785 4210 sed
797 4175 924 4225 superser.
936 4180 961 4222 ν,
978 4161 1013 4211 σέ.
1029 4175 1055 4211 v.
1068 4161 1118 4210 100
1169 4159 1203 4208 90
1222 4159 1367 4226 ἀγομένων

110 4246 205 4297 Nauck
273 4251 306 4302 97
325 4251 471 4317 ίφτδρηται
482 4248 518 4310 A,
540 4243 712 4314 -equaffl,
737 4248 868 4313 φέρονται
884 4246 977 4295 Nauck
1047 4246 1096 4295 100
1113 4240 1151 4294 A¹
1167 4242 1195 4292 in
1212 4258 1292 4307 marg.
1311 4260 1366 4312 τρι-

61 4316 64 4324 ’
111 4326 230 4397 ποδίσκη
258 4329 336 4385 πόλιν
361 4337 419 4385 ίστί
444 4326 591 4402 μεγαρίδσε
677 4334 727 4383 104
751 4331 846 4380 rectius
865 4324 988 4396 διήρκεσε
1008 4329 1053 4378 Pb
1070 4326 1144 4394 324,
1172 4328 1218 4379 ubi
1235 4329 1367 4381 simillima

110 4416 225 4467 narratio
