<?xml version="1.0" encoding="UTF-8"?>
<!DOCTYPE html PUBLIC "-//W3C//DTD XHTML 1.0 Transitional//EN"
    "http://www.w3.org/TR/xhtml1/DTD/xhtml1-transitional.dtd">
<html xmlns="http://www.w3.org/1999/xhtml" xml:lang="en" lang="en">
 <head>
  <title>
</title>
<meta http-equiv="Content-Type" content="text/html;charset=utf-8" />
  <meta name='ocr-system' content='tesseract 3.04.00' />
  <meta name='ocr-capabilities' content='ocr_page ocr_carea ocr_par ocr_line ocrx_word'/>
</head>
<body>
  <div class='ocr_page' id='page_1' title='image "./comicorvmgraeco00kaibgoog_0118.png"; bbox 0 0 3150 5018; ppageno 0'>
   <div class='ocr_carea' id='block_1_1' title="bbox 532 258 1452 336">
    <p class='ocr_par' dir='ltr' id='par_1_1' title="bbox 532 258 1452 336">
     <span class='ocr_line' id='line_1_1' title="bbox 532 258 1452 336; baseline 0.009 -7"><span class='ocrx_word' id='word_1_1' title='bbox 532 277 722 332; x_wconf 72' lang='lat' dir='ltr'><strong>ssmxhenor</strong></span> <span class='ocrx_word' id='word_1_2' title='bbox 738 276 892 330; x_wconf 69' lang='lat' dir='ltr'><strong>Aetnen</strong></span> <span class='ocrx_word' id='word_1_3' title='bbox 1302 277 1344 336; x_wconf 77' lang='lat'><strong><em>95</em></strong></span> <span class='ocrx_word' id='word_1_4' title='bbox 1449 258 1452 263; x_wconf 71' lang='grc'><strong><em>’</em></strong></span> 
     </span>
    </p>
   </div>
   <div class='ocr_carea' id='block_1_2' title="bbox 89 443 1348 816">
    <p class='ocr_par' dir='ltr' id='par_1_2' title="bbox 89 443 1348 689">
     <span class='ocr_line' id='line_1_2' title="bbox 89 443 1347 517; baseline -0.002 -13"><span class='ocrx_word' id='word_1_5' title='bbox 89 449 223 505; x_wconf 82' lang='lat' dir='ltr'><strong>scholium</strong></span> <span class='ocrx_word' id='word_1_6' title='bbox 245 447 369 503; x_wconf 82' lang='lat' dir='ltr'><strong>servavit</strong></span> <span class='ocrx_word' id='word_1_7' title='bbox 384 447 472 503; x_wconf 76' lang='lat' dir='ltr'>Varro</span> <span class='ocrx_word' id='word_1_8' title='bbox 494 446 530 503; x_wconf 86' lang='lat' dir='ltr'><strong><em>de</em></strong></span> <span class='ocrx_word' id='word_1_9' title='bbox 551 447 618 517; x_wconf 83' lang='lat' dir='ltr'><strong>ling.</strong></span> <span class='ocrx_word' id='word_1_10' title='bbox 636 447 654 501; x_wconf 93' lang='lat' dir='ltr'><strong><em>l.</em></strong></span> <span class='ocrx_word' id='word_1_11' title='bbox 671 447 698 503; x_wconf 90' lang='lat' dir='ltr'><strong>V</strong></span> <span class='ocrx_word' id='word_1_12' title='bbox 717 450 765 501; x_wconf 81' lang='lat'><strong><em>105</em></strong></span> <span class='ocrx_word' id='word_1_13' title='bbox 791 445 855 500; x_wconf 81' lang='lat' dir='ltr'><strong>haee</strong></span> <span class='ocrx_word' id='word_1_14' title='bbox 878 443 963 514; x_wconf 76' lang='grc' dir='ltr'><strong><em>(ρυλε)</em></strong></span> <span class='ocrx_word' id='word_1_15' title='bbox 986 443 1126 514; x_wconf 68' lang='lat' dir='ltr'><strong><em>appellata</em></strong></span> <span class='ocrx_word' id='word_1_16' title='bbox 1147 446 1189 501; x_wconf 85' lang='lat' dir='ltr'><strong><em>vel</em></strong></span> <span class='ocrx_word' id='word_1_17' title='bbox 1211 447 1283 516; x_wconf 82' lang='grc' dir='ltr'><strong><em>ραοδ</em></strong></span> <span class='ocrx_word' id='word_1_18' title='bbox 1305 447 1347 502; x_wconf 78' lang='grc' dir='ltr'><strong><em>δία</em></strong></span> 
     </span>
     <span class='ocr_line' id='line_1_3' title="bbox 92 527 1348 602; baseline 0 -13"><span class='ocrx_word' id='word_1_19' title='bbox 92 533 191 589; x_wconf 77' lang='lat' dir='ltr'><strong><em>Graeci</em></strong></span> <span class='ocrx_word' id='word_1_20' title='bbox 211 532 254 588; x_wconf 81' lang='lat' dir='ltr'><strong><em>vel</em></strong></span> <span class='ocrx_word' id='word_1_21' title='bbox 276 532 311 587; x_wconf 82' lang='lat' dir='ltr'><strong><em>ah</em></strong></span> <span class='ocrx_word' id='word_1_22' title='bbox 334 548 363 587; x_wconf 82' lang='lat' dir='ltr'><strong><em>ee</em></strong></span> <span class='ocrx_word' id='word_1_23' title='bbox 386 531 459 586; x_wconf 82' lang='grc' dir='ltr'><strong><em>ιιιαίο</em></strong></span> <span class='ocrx_word' id='word_1_24' title='bbox 481 530 577 586; x_wconf 65' lang='lat' dir='ltr'><strong>ambit</strong></span> <span class='ocrx_word' id='word_1_25' title='bbox 591 531 781 601; x_wconf 77' lang='grc' dir='ltr'><strong><em>Αροίίοιίοιυι,</em></strong></span> <span class='ocrx_word' id='word_1_26' title='bbox 806 529 879 599; x_wconf 73' lang='lat' dir='ltr'><strong><em>quod</em></strong></span> <span class='ocrx_word' id='word_1_27' title='bbox 894 527 937 584; x_wconf 69' lang='lat' dir='ltr'><strong><em>ita</em></strong></span> <span class='ocrx_word' id='word_1_28' title='bbox 952 533 1034 585; x_wconf 78' lang='grc' dir='ltr'><strong><em>οοιιοδ</em></strong></span> <span class='ocrx_word' id='word_1_29' title='bbox 1049 546 1109 584; x_wconf 81' lang='lat' dir='ltr'><strong><em>eum</em></strong></span> <span class='ocrx_word' id='word_1_30' title='bbox 1126 546 1213 600; x_wconf 79' lang='lat' dir='ltr'><strong><em>aquae</em></strong></span> <span class='ocrx_word' id='word_1_31' title='bbox 1230 532 1348 602; x_wconf 59' lang='lat' dir='ltr'><strong><em>ferventi</em></strong></span> 
     </span>
     <span class='ocr_line' id='line_1_4' title="bbox 89 619 229 689; baseline -0.021 -15"><span class='ocrx_word' id='word_1_32' title='bbox 89 619 229 689; x_wconf 80' lang='grc' dir='ltr'><strong><em>ιἰιοίμλίιιν.</em></strong></span> 
     </span>
    </p>

    <p class='ocr_par' dir='ltr' id='par_1_3' title="bbox 611 737 826 816">
     <span class='ocr_line' id='line_1_5' title="bbox 611 737 826 816; baseline -0.005 -17"><span class='ocrx_word' id='word_1_33' title='bbox 611 739 653 799; x_wconf 82' lang='grc'><strong><em>24</em></strong></span> <span class='ocrx_word' id='word_1_34' title='bbox 675 738 727 816; x_wconf 77' lang='lat'><strong><em>(15</em></strong></span> <span class='ocrx_word' id='word_1_35' title='bbox 749 737 826 816; x_wconf 83' lang='lat' dir='ltr'><strong>Ahr)</strong></span> 
     </span>
    </p>
   </div>
   <div class='ocr_carea' id='block_1_3' title="bbox 176 843 1464 926">
    <p class='ocr_par' dir='ltr' id='par_1_4' title="bbox 176 843 1464 926">
     <span class='ocr_line' id='line_1_6' title="bbox 176 843 1464 926; baseline 0.003 -17"><span class='ocrx_word' id='word_1_36' title='bbox 176 855 221 909; x_wconf 86' lang='lat' dir='ltr'><strong><em>Et</em></strong></span> <span class='ocrx_word' id='word_1_37' title='bbox 238 869 301 924; x_wconf 83' lang='lat' dir='ltr'><strong>gen.</strong></span> <span class='ocrx_word' id='word_1_38' title='bbox 319 852 373 918; x_wconf 74' lang='lat' dir='ltr'><strong>(Et.</strong></span> <span class='ocrx_word' id='word_1_39' title='bbox 385 851 421 906; x_wconf 87' lang='grc' dir='ltr'><strong><em>Μ.</em></strong></span> <span class='ocrx_word' id='word_1_40' title='bbox 433 857 477 918; x_wconf 79' lang='grc' dir='ltr'><strong><em>Π,</em></strong></span> <span class='ocrx_word' id='word_1_41' title='bbox 490 856 514 918; x_wconf 79' lang='lat' dir='ltr'><strong><em>l)</em></strong></span> <span class='ocrx_word' id='word_1_42' title='bbox 532 847 694 922; x_wconf 79' lang='grc' dir='ltr'><strong><em>ἆμαμαξύς·</em></strong></span> <span class='ocrx_word' id='word_1_43' title='bbox 712 845 729 923; x_wconf 80' lang='grc' dir='ltr'><em>ἦ</em></span> <span class='ocrx_word' id='word_1_44' title='bbox 747 845 922 926; x_wconf 80' lang='grc' dir='ltr'><strong><em>ύναδενδρύς</em></strong></span> <span class='ocrx_word' id='word_1_45' title='bbox 933 890 940 906; x_wconf 88' lang='grc'><strong><em>.</em></strong></span> <span class='ocrx_word' id='word_1_46' title='bbox 951 891 958 906; x_wconf 89' lang='grc'><strong><em>.</em></strong></span> <span class='ocrx_word' id='word_1_47' title='bbox 970 843 1004 908; x_wconf 63' lang='lat' dir='ltr'><strong><em>F.</em></strong></span> <span class='ocrx_word' id='word_1_48' title='bbox 1021 848 1053 908; x_wconf 80' lang='grc' dir='ltr'><strong><em>ἐν</em></strong></span> <span class='ocrx_word' id='word_1_49' title='bbox 1064 854 1120 909; x_wconf 85' lang='grc' dir='ltr'><strong><em>Γᾶι</em></strong></span> <span class='ocrx_word' id='word_1_50' title='bbox 1136 855 1185 908; x_wconf 89' lang='grc' dir='ltr'><strong><em>καί</em></strong></span> <span class='ocrx_word' id='word_1_51' title='bbox 1200 851 1348 913; x_wconf 80' lang='grc' dir='ltr'><strong><em>Θαλάσσαι</em></strong></span> <span class='ocrx_word' id='word_1_52' title='bbox 1463 907 1464 912; x_wconf 74' lang='grc'>,</span> 
     </span>
    </p>
   </div>
   <div class='ocr_carea' id='block_1_4' title="bbox 91 955 1169 1144">
    <p class='ocr_par' dir='ltr' id='par_1_5' title="bbox 91 955 1169 1144">
     <span class='ocr_line' id='line_1_7' title="bbox 500 955 907 1038; baseline -0.002 -15"><span class='ocrx_word' id='word_1_53' title='bbox 500 956 577 1024; x_wconf 71' lang='grc' dir='ltr'><strong><em>ουδ’</em></strong></span> <span class='ocrx_word' id='word_1_54' title='bbox 599 955 789 1037; x_wconf 80' lang='grc' dir='ltr'><strong><em>οἶμαμαξύας</em></strong></span> <span class='ocrx_word' id='word_1_55' title='bbox 812 959 907 1038; x_wconf 77' lang='grc' dir='ltr'><strong><em>φέρει.</em></strong></span> 
     </span>
     <span class='ocr_line' id='line_1_8' title="bbox 91 1065 1169 1144; baseline -0.004 -14"><span class='ocrx_word' id='word_1_56' title='bbox 91 1075 126 1130; x_wconf 83' lang='lat' dir='ltr'><strong><em>ef.</em></strong></span> <span class='ocrx_word' id='word_1_57' title='bbox 145 1073 232 1130; x_wconf 78' lang='lat' dir='ltr'><strong>sehoh</strong></span> <span class='ocrx_word' id='word_1_58' title='bbox 246 1071 298 1127; x_wconf 80' lang='lat' dir='ltr'><strong><em>As.</em></strong></span> <span class='ocrx_word' id='word_1_59' title='bbox 315 1070 398 1141; x_wconf 82' lang='lat' dir='ltr'><strong>Vesp.</strong></span> <span class='ocrx_word' id='word_1_60' title='bbox 417 1076 475 1126; x_wconf 82' lang='grc'><strong><em>326.</em></strong></span> <span class='ocrx_word' id='word_1_61' title='bbox 511 1072 629 1144; x_wconf 85' lang='lat' dir='ltr'><strong>Hesyeh.</strong></span> <span class='ocrx_word' id='word_1_62' title='bbox 647 1065 797 1142; x_wconf 80' lang='grc' dir='ltr'><strong><em>ἄμαμαξύς</em></strong></span> <span class='ocrx_word' id='word_1_63' title='bbox 815 1078 843 1127; x_wconf 89' lang='lat' dir='ltr'><strong><em>et</em></strong></span> <span class='ocrx_word' id='word_1_64' title='bbox 860 1065 971 1140; x_wconf 81' lang='grc' dir='ltr'><strong><em>ἁμαξίς.</em></strong></span> <span class='ocrx_word' id='word_1_65' title='bbox 1006 1071 1083 1127; x_wconf 86' lang='lat' dir='ltr'>Suid.</span> <span class='ocrx_word' id='word_1_66' title='bbox 1101 1088 1123 1127; x_wconf 82' lang='lat' dir='ltr'><strong><em>e.</em></strong></span> <span class='ocrx_word' id='word_1_67' title='bbox 1141 1089 1169 1126; x_wconf 85' lang='lat' dir='ltr'><strong><em>v.</em></strong></span> 
     </span>
    </p>
   </div>
   <div class='ocr_carea' id='block_1_5' title="bbox 178 1245 917 1418">
    <p class='ocr_par' dir='ltr' id='par_1_6' title="bbox 178 1245 917 1418">
     <span class='ocr_line' id='line_1_9' title="bbox 615 1245 832 1325; baseline -0.005 -18"><span class='ocrx_word' id='word_1_68' title='bbox 615 1249 654 1307; x_wconf 88' lang='grc'><strong><em>25</em></strong></span> <span class='ocrx_word' id='word_1_69' title='bbox 678 1249 731 1325; x_wconf 88' lang='grc'><strong><em>(14</em></strong></span> <span class='ocrx_word' id='word_1_70' title='bbox 753 1245 832 1322; x_wconf 81' lang='lat' dir='ltr'><strong>Ahr)</strong></span> 
     </span>
     <span class='ocr_line' id='line_1_10' title="bbox 178 1353 917 1418; baseline 0.001 -3"><span class='ocrx_word' id='word_1_71' title='bbox 178 1359 283 1415; x_wconf 85' lang='lat' dir='ltr'><strong>Athen.</strong></span> <span class='ocrx_word' id='word_1_72' title='bbox 300 1359 342 1414; x_wconf 89' lang='lat' dir='ltr'><strong><em>IX</em></strong></span> <span class='ocrx_word' id='word_1_73' title='bbox 359 1360 438 1416; x_wconf 75' lang='lat'><strong>3701&gt;</strong></span> <span class='ocrx_word' id='word_1_74' title='bbox 456 1363 506 1417; x_wconf 88' lang='grc' dir='ltr'><strong><em>καί</em></strong></span> <span class='ocrx_word' id='word_1_75' title='bbox 523 1353 561 1417; x_wconf 70' lang='lat' dir='ltr'><strong><em>&#39;h</em></strong></span> <span class='ocrx_word' id='word_1_76' title='bbox 578 1358 611 1418; x_wconf 78' lang='grc' dir='ltr'><strong><em>ἐν</em></strong></span> <span class='ocrx_word' id='word_1_77' title='bbox 628 1364 684 1418; x_wconf 82' lang='grc' dir='ltr'><strong><em>Γᾶι</em></strong></span> <span class='ocrx_word' id='word_1_78' title='bbox 700 1365 750 1418; x_wconf 88' lang='grc' dir='ltr'><strong><em>καί</em></strong></span> <span class='ocrx_word' id='word_1_79' title='bbox 769 1354 917 1418; x_wconf 74' lang='grc' dir='ltr'><strong><em>Θαλασσαι</em></strong></span> 
     </span>
    </p>
   </div>
   <div class='ocr_carea' id='block_1_6' title="bbox 530 1461 909 1547">
    <p class='ocr_par' dir='ltr' id='par_1_7' title="bbox 530 1461 909 1547">
     <span class='ocr_line' id='line_1_11' title="bbox 530 1461 909 1547; baseline -0.003 -15"><span class='ocrx_word' id='word_1_80' title='bbox 530 1474 584 1532; x_wconf 86' lang='grc' dir='ltr'><strong><em>ναί</em></strong></span> <span class='ocrx_word' id='word_1_81' title='bbox 604 1463 649 1544; x_wconf 83' lang='grc' dir='ltr'><strong><em>μὰ</em></strong></span> <span class='ocrx_word' id='word_1_82' title='bbox 670 1462 731 1532; x_wconf 76' lang='grc' dir='ltr'><strong><em>ταν</em></strong></span> <span class='ocrx_word' id='word_1_83' title='bbox 752 1461 909 1547; x_wconf 75' lang='grc' dir='ltr'><strong><em>κράμβαν.</em></strong></span> 
     </span>
    </p>
   </div>
   <div class='ocr_carea' id='block_1_7' title="bbox 700 1656 741 1716">
    <p class='ocr_par' dir='ltr' id='par_1_8' title="bbox 700 1656 741 1716">
     <span class='ocr_line' id='line_1_12' title="bbox 700 1656 741 1716; baseline 0 0"><span class='ocrx_word' id='word_1_84' title='bbox 700 1656 741 1716; x_wconf 88' lang='grc'><strong><em>26</em></strong></span> 
     </span>
    </p>
   </div>
   <div class='ocr_carea' id='block_1_8' title="bbox 97 1764 1350 1924">
    <p class='ocr_par' dir='ltr' id='par_1_9' title="bbox 97 1764 1350 1924">
     <span class='ocr_line' id='line_1_13' title="bbox 176 1764 1350 1842; baseline 0.005 -21"><span class='ocrx_word' id='word_1_85' title='bbox 176 1766 280 1821; x_wconf 85' lang='lat' dir='ltr'><strong>Athen.</strong></span> <span class='ocrx_word' id='word_1_86' title='bbox 292 1767 360 1823; x_wconf 90' lang='lat' dir='ltr'><strong><em>XIV</em></strong></span> <span class='ocrx_word' id='word_1_87' title='bbox 372 1766 460 1823; x_wconf 78' lang='lat' dir='ltr'>6450f</span> <span class='ocrx_word' id='word_1_88' title='bbox 476 1764 688 1835; x_wconf 78' lang='grc' dir='ltr'><strong><em>ἐπικύκλιος</em></strong></span> <span class='ocrx_word' id='word_1_89' title='bbox 706 1768 778 1835; x_wconf 86' lang='lat' dir='ltr'><strong>(fort</strong></span> <span class='ocrx_word' id='word_1_90' title='bbox 790 1764 947 1841; x_wconf 78' lang='grc' dir='ltr'><strong><em>ἐγκύκλιος)</em></strong></span> <span class='ocrx_word' id='word_1_91' title='bbox 963 1773 1091 1836; x_wconf 79' lang='grc' dir='ltr'><strong><em>πλακοῦς</em></strong></span> <span class='ocrx_word' id='word_1_92' title='bbox 1107 1789 1150 1834; x_wconf 85' lang='grc' dir='ltr'><strong><em>τις</em></strong></span> <span class='ocrx_word' id='word_1_93' title='bbox 1161 1764 1241 1842; x_wconf 78' lang='grc' dir='ltr'><strong><em>παρὰ</em></strong></span> <span class='ocrx_word' id='word_1_94' title='bbox 1255 1773 1350 1842; x_wconf 85' lang='grc' dir='ltr'><strong><em>Συρα-</em></strong></span> 
     </span>
     <span class='ocr_line' id='line_1_14' title="bbox 97 1845 1003 1924; baseline 0.003 -18"><span class='ocrx_word' id='word_1_95' title='bbox 97 1852 209 1918; x_wconf 88' lang='grc' dir='ltr'><strong><em>κοσίοις</em></strong></span> <span class='ocrx_word' id='word_1_96' title='bbox 227 1891 255 1907; x_wconf 89' lang='grc'><strong><em>..</em></strong></span> <span class='ocrx_word' id='word_1_97' title='bbox 271 1856 321 1909; x_wconf 85' lang='grc' dir='ltr'><strong><em>καί</em></strong></span> <span class='ocrx_word' id='word_1_98' title='bbox 337 1852 475 1924; x_wconf 78' lang='grc' dir='ltr'><em>μέμνηται</em></span> <span class='ocrx_word' id='word_1_99' title='bbox 494 1845 583 1911; x_wconf 74' lang='grc' dir='ltr'><strong><em>αὐτοῦ</em></strong></span> <span class='ocrx_word' id='word_1_100' title='bbox 599 1851 638 1910; x_wconf 65' lang='lat' dir='ltr'><strong><em>’A</em></strong></span> <span class='ocrx_word' id='word_1_101' title='bbox 656 1850 688 1909; x_wconf 78' lang='grc' dir='ltr'><strong><em>ἐν</em></strong></span> <span class='ocrx_word' id='word_1_102' title='bbox 705 1857 762 1912; x_wconf 61' lang='lat' dir='ltr'><strong><em>ma</em></strong></span> <span class='ocrx_word' id='word_1_103' title='bbox 778 1857 828 1911; x_wconf 86' lang='grc' dir='ltr'><strong><em>καί</em></strong></span> <span class='ocrx_word' id='word_1_104' title='bbox 846 1850 1003 1912; x_wconf 74' lang='grc' dir='ltr'><strong><em>Θαλάσσαι.</em></strong></span> 
     </span>
    </p>
   </div>
   <div class='ocr_carea' id='block_1_9' title="bbox 704 2030 743 2089">
    <p class='ocr_par' dir='ltr' id='par_1_10' title="bbox 704 2030 743 2089">
     <span class='ocr_line' id='line_1_15' title="bbox 704 2030 743 2089; baseline 0 0"><span class='ocrx_word' id='word_1_105' title='bbox 704 2030 743 2089; x_wconf 84' lang='grc'><strong><em>27</em></strong></span> 
     </span>
    </p>
   </div>
   <div class='ocr_carea' id='block_1_10' title="bbox 102 2131 1353 2297">
    <p class='ocr_par' dir='ltr' id='par_1_11' title="bbox 102 2131 1353 2297">
     <span class='ocr_line' id='line_1_16' title="bbox 183 2131 1353 2213; baseline 0.003 -19"><span class='ocrx_word' id='word_1_106' title='bbox 183 2139 288 2196; x_wconf 87' lang='lat' dir='ltr'><strong>Athen.</strong></span> <span class='ocrx_word' id='word_1_107' title='bbox 300 2141 342 2196; x_wconf 89' lang='lat' dir='ltr'><strong><em>HI</em></strong></span> <span class='ocrx_word' id='word_1_108' title='bbox 360 2145 432 2196; x_wconf 73' lang='lat'>1200</span> <span class='ocrx_word' id='word_1_109' title='bbox 454 2136 490 2199; x_wconf 84' lang='grc' dir='ltr'><strong><em>τὸ</em></strong></span> <span class='ocrx_word' id='word_1_110' title='bbox 508 2143 663 2212; x_wconf 81' lang='grc' dir='ltr'><strong><em>σίσαρον</em></strong></span> <span class='ocrx_word' id='word_1_111' title='bbox 679 2138 867 2212; x_wconf 83' lang='grc' dir='ltr'><strong><em>καλούμενον,</em></strong></span> <span class='ocrx_word' id='word_1_112' title='bbox 891 2131 925 2199; x_wconf 81' lang='grc' dir='ltr'><strong><em>ού</em></strong></span> <span class='ocrx_word' id='word_1_113' title='bbox 941 2137 1112 2213; x_wconf 78' lang='grc' dir='ltr'><em>μνημονεύει</em></span> <span class='ocrx_word' id='word_1_114' title='bbox 1128 2133 1166 2197; x_wconf 66' lang='lat' dir='ltr'><strong><em>’A</em></strong></span> <span class='ocrx_word' id='word_1_115' title='bbox 1184 2137 1216 2197; x_wconf 81' lang='grc' dir='ltr'><strong><em>ἐν</em></strong></span> <span class='ocrx_word' id='word_1_116' title='bbox 1232 2144 1287 2212; x_wconf 86' lang='grc' dir='ltr'><strong><em>Γῆι</em></strong></span> <span class='ocrx_word' id='word_1_117' title='bbox 1303 2144 1353 2198; x_wconf 86' lang='grc' dir='ltr'><strong><em>καί</em></strong></span> 
     </span>
     <span class='ocr_line' id='line_1_17' title="bbox 102 2219 459 2297; baseline -0.006 -16"><span class='ocrx_word' id='word_1_118' title='bbox 102 2219 255 2297; x_wconf 77' lang='grc' dir='ltr'><strong><em>Θαλάσσηι.</em></strong></span> <span class='ocrx_word' id='word_1_119' title='bbox 290 2243 318 2280; x_wconf 84' lang='lat' dir='ltr'><strong><em>v.</em></strong></span> <span class='ocrx_word' id='word_1_120' title='bbox 336 2227 372 2281; x_wconf 87' lang='lat' dir='ltr'><strong><em>ad</em></strong></span> <span class='ocrx_word' id='word_1_121' title='bbox 389 2224 421 2280; x_wconf 85' lang='lat' dir='ltr'><strong><em>fr.</em></strong></span> <span class='ocrx_word' id='word_1_122' title='bbox 434 2230 459 2279; x_wconf 83' lang='lat'><strong><em>3.</em></strong></span> 
     </span>
    </p>
   </div>
   <div class='ocr_carea' id='block_1_11' title="bbox 704 2350 744 2410">
    <p class='ocr_par' dir='ltr' id='par_1_12' title="bbox 704 2350 744 2410">
     <span class='ocr_line' id='line_1_18' title="bbox 704 2350 744 2410; baseline 0.025 -1"><span class='ocrx_word' id='word_1_123' title='bbox 704 2350 744 2410; x_wconf 84' lang='lat'><strong><em>28</em></strong></span> 
     </span>
    </p>
   </div>
   <div class='ocr_carea' id='block_1_12' title="bbox 101 2451 1354 2612">
    <p class='ocr_par' dir='ltr' id='par_1_13' title="bbox 101 2451 1354 2612">
     <span class='ocr_line' id='line_1_19' title="bbox 121 2451 1354 2543; baseline 0.003 -28"><span class='ocrx_word' id='word_1_124' title='bbox 121 2536 125 2543; x_wconf 28' lang='grc' dir='ltr'>Ι</span> <span class='ocrx_word' id='word_1_125' title='bbox 181 2461 421 2518; x_wconf 80' lang='lat' dir='ltr'><strong>Athen.vl1322f</strong></span> <span class='ocrx_word' id='word_1_126' title='bbox 432 2462 617 2535; x_wconf 77' lang='grc' dir='ltr'><strong><em>συαγρίδες</em></strong></span> <span class='ocrx_word' id='word_1_127' title='bbox 630 2502 637 2516; x_wconf 89' lang='grc'><strong><em>.</em></strong></span> <span class='ocrx_word' id='word_1_128' title='bbox 648 2502 654 2516; x_wconf 94' lang='grc'><strong><em>.</em></strong></span> <span class='ocrx_word' id='word_1_129' title='bbox 666 2460 778 2521; x_wconf 83' lang='grc' dir='ltr'><strong><em>τούτων</em></strong></span> <span class='ocrx_word' id='word_1_130' title='bbox 788 2458 958 2535; x_wconf 77' lang='grc' dir='ltr'><strong><em>μνημονεύει</em></strong></span> <span class='ocrx_word' id='word_1_131' title='bbox 970 2455 1008 2519; x_wconf 66' lang='lat' dir='ltr'><strong><em>’A</em></strong></span> <span class='ocrx_word' id='word_1_132' title='bbox 1019 2451 1146 2536; x_wconf 75' lang='grc' dir='ltr'><strong><em>ἐνἭβας</em></strong></span> <span class='ocrx_word' id='word_1_133' title='bbox 1155 2461 1257 2535; x_wconf 81' lang='grc' dir='ltr'><strong><em>Γάμσιι</em></strong></span> <span class='ocrx_word' id='word_1_134' title='bbox 1267 2468 1305 2530; x_wconf 87' lang='lat' dir='ltr'><strong><em>(v.</em></strong></span> <span class='ocrx_word' id='word_1_135' title='bbox 1318 2465 1354 2520; x_wconf 86' lang='lat' dir='ltr'><strong><em>ad</em></strong></span> 
     </span>
     <span class='ocr_line' id='line_1_20' title="bbox 101 2543 615 2612; baseline 0.01 -15"><span class='ocrx_word' id='word_1_136' title='bbox 101 2543 134 2598; x_wconf 80' lang='lat' dir='ltr'><strong><em>fr.</em></strong></span> <span class='ocrx_word' id='word_1_137' title='bbox 145 2548 187 2612; x_wconf 84' lang='grc'><strong><em>69)</em></strong></span> <span class='ocrx_word' id='word_1_138' title='bbox 204 2548 253 2602; x_wconf 89' lang='grc' dir='ltr'><strong><em>καί</em></strong></span> <span class='ocrx_word' id='word_1_139' title='bbox 270 2543 302 2603; x_wconf 79' lang='grc' dir='ltr'><strong><em>ἐν</em></strong></span> <span class='ocrx_word' id='word_1_140' title='bbox 319 2551 375 2605; x_wconf 82' lang='grc' dir='ltr'><strong><em>Γᾶι</em></strong></span> <span class='ocrx_word' id='word_1_141' title='bbox 391 2551 440 2604; x_wconf 88' lang='grc' dir='ltr'><strong><em>καί</em></strong></span> <span class='ocrx_word' id='word_1_142' title='bbox 459 2543 615 2605; x_wconf 77' lang='grc' dir='ltr'><strong><em>Θαλασσαι.</em></strong></span> 
     </span>
    </p>
   </div>
   <div class='ocr_carea' id='block_1_13' title="bbox 618 2669 834 2749">
    <p class='ocr_par' dir='ltr' id='par_1_14' title="bbox 618 2669 834 2749">
     <span class='ocr_line' id='line_1_21' title="bbox 618 2669 834 2749; baseline -0.005 -18"><span class='ocrx_word' id='word_1_143' title='bbox 618 2674 658 2733; x_wconf 88' lang='grc'><strong><em>29</em></strong></span> <span class='ocrx_word' id='word_1_144' title='bbox 680 2674 734 2748; x_wconf 84' lang='grc'><strong><em>(10</em></strong></span> <span class='ocrx_word' id='word_1_145' title='bbox 756 2669 834 2749; x_wconf 82' lang='lat' dir='ltr'><strong>Ahr)</strong></span> 
     </span>
    </p>
   </div>
   <div class='ocr_carea' id='block_1_14' title="bbox 103 2775 1356 3020">
    <p class='ocr_par' dir='ltr' id='par_1_15' title="bbox 103 2775 1356 3020">
     <span class='ocr_line' id='line_1_22' title="bbox 182 2775 1355 2857; baseline 0.003 -19"><span class='ocrx_word' id='word_1_146' title='bbox 182 2782 287 2839; x_wconf 81' lang='lat' dir='ltr'><strong>Athen.</strong></span> <span class='ocrx_word' id='word_1_147' title='bbox 299 2784 353 2840; x_wconf 89' lang='lat' dir='ltr'><strong><em>VH</em></strong></span> <span class='ocrx_word' id='word_1_148' title='bbox 371 2785 465 2841; x_wconf 78' lang='lat' dir='ltr'>313ab</span> <span class='ocrx_word' id='word_1_149' title='bbox 490 2781 678 2851; x_wconf 80' lang='grc' dir='ltr'><strong><em>Σπεύσιππος</em></strong></span> <span class='ocrx_word' id='word_1_150' title='bbox 695 2778 724 2841; x_wconf 86' lang='grc' dir='ltr'><strong><em>δ’</em></strong></span> <span class='ocrx_word' id='word_1_151' title='bbox 740 2782 772 2841; x_wconf 78' lang='grc' dir='ltr'><strong><em>ἐν</em></strong></span> <span class='ocrx_word' id='word_1_152' title='bbox 788 2784 921 2857; x_wconf 74' lang='grc' dir='ltr'><strong><em>δευτέρωι</em></strong></span> <span class='ocrx_word' id='word_1_153' title='bbox 931 2780 1056 2854; x_wconf 83' lang='grc' dir='ltr'><strong><em>Ὁμοίων</em></strong></span> <span class='ocrx_word' id='word_1_154' title='bbox 1074 2775 1162 2855; x_wconf 81' lang='grc' dir='ltr'><strong><em>ύμοιύ</em></strong></span> <span class='ocrx_word' id='word_1_155' title='bbox 1180 2805 1265 2856; x_wconf 80' lang='grc' dir='ltr'><strong><em>φησιν</em></strong></span> <span class='ocrx_word' id='word_1_156' title='bbox 1283 2781 1355 2843; x_wconf 75' lang='grc' dir='ltr'><strong><em>εἶναι</em></strong></span> 
     </span>
     <span class='ocr_line' id='line_1_23' title="bbox 103 2861 1356 3008; baseline 0.003 -84"><span class='ocrx_word' id='word_1_157' title='bbox 103 2871 149 3008; x_wconf 48' lang='lat' dir='ltr'><strong><em>{a}</em></strong></span> <span class='ocrx_word' id='word_1_158' title='bbox 158 2869 266 2969; x_wconf 50' lang='grc' dir='ltr'><strong><em>μαινίδέ</em></strong></span> <span class='ocrx_word' id='word_1_159' title='bbox 277 2863 392 2941; x_wconf 81' lang='grc' dir='ltr'><strong><em>βόακας</em></strong></span> <span class='ocrx_word' id='word_1_160' title='bbox 402 2873 451 2927; x_wconf 91' lang='grc' dir='ltr'><strong><em>καί</em></strong></span> <span class='ocrx_word' id='word_1_161' title='bbox 464 2871 613 2944; x_wconf 75' lang='grc' dir='ltr'><strong><em>σμαρίδας,</em></strong></span> <span class='ocrx_word' id='word_1_162' title='bbox 631 2861 672 2926; x_wconf 71' lang='grc' dir='ltr'><strong><em>οἷν</em></strong></span> <span class='ocrx_word' id='word_1_163' title='bbox 682 2865 869 2941; x_wconf 77' lang='grc' dir='ltr'><strong><em>μνημονεύειν</em></strong></span> <span class='ocrx_word' id='word_1_164' title='bbox 880 2872 929 2926; x_wconf 85' lang='grc' dir='ltr'><strong><em>καί</em></strong></span> <span class='ocrx_word' id='word_1_165' title='bbox 940 2861 1116 2942; x_wconf 77' lang='grc' dir='ltr'><strong><em>Ἐπίχαρμον</em></strong></span> <span class='ocrx_word' id='word_1_166' title='bbox 1126 2866 1158 2926; x_wconf 80' lang='grc' dir='ltr'><strong><em>ἐν</em></strong></span> <span class='ocrx_word' id='word_1_167' title='bbox 1170 2874 1226 2928; x_wconf 84' lang='grc' dir='ltr'><strong><em>Γᾶι</em></strong></span> <span class='ocrx_word' id='word_1_168' title='bbox 1238 2875 1286 2926; x_wconf 88' lang='grc' dir='ltr'><strong><em>καί</em></strong></span> <span class='ocrx_word' id='word_1_169' title='bbox 1300 2875 1356 2928; x_wconf 84' lang='grc' dir='ltr'><strong><em>Θα-</em></strong></span> 
     </span>
     <span class='ocr_line' id='line_1_24' title="bbox 122 2970 322 3020; baseline -0.005 -10"><span class='ocrx_word' id='word_1_170' title='bbox 122 2970 210 3010; x_wconf 92' lang='grc' dir='ltr'><strong><em>ασσαι</em></strong></span> <span class='ocrx_word' id='word_1_171' title='bbox 228 2972 322 3020; x_wconf 84' lang='grc' dir='ltr'><strong><em>ουτως</em></strong></span> 
     </span>
    </p>
   </div>
   <div class='ocr_carea' id='block_1_15' title="bbox 193 3037 1185 3230">
    <p class='ocr_par' dir='ltr' id='par_1_16' title="bbox 193 3037 1185 3230">
     <span class='ocr_line' id='line_1_25' title="bbox 330 3037 1185 3126; baseline 0.002 -19"><span class='ocrx_word' id='word_1_172' title='bbox 330 3037 408 3122; x_wconf 80' lang='grc' dir='ltr'><strong><em>ὅκχ’</em></strong></span> <span class='ocrx_word' id='word_1_173' title='bbox 429 3039 503 3126; x_wconf 81' lang='grc' dir='ltr'><strong><em>ὃρῆι</em></strong></span> <span class='ocrx_word' id='word_1_174' title='bbox 524 3039 635 3122; x_wconf 76' lang='grc' dir='ltr'><strong><em>βῶκάς</em></strong></span> <span class='ocrx_word' id='word_1_175' title='bbox 656 3038 892 3126; x_wconf 82' lang='grc' dir='ltr'><strong><em>(τε&gt;,πολλούς</em></strong></span> <span class='ocrx_word' id='word_1_176' title='bbox 914 3048 967 3107; x_wconf 82' lang='grc' dir='ltr'><strong><em>καὶ</em></strong></span> <span class='ocrx_word' id='word_1_177' title='bbox 990 3047 1185 3124; x_wconf 89' lang='grc' dir='ltr'><strong><em>σμαρίδας..</em></strong></span> 
     </span>
     <span class='ocr_line' id='line_1_26' title="bbox 193 3156 889 3230; baseline 0.003 -20"><span class='ocrx_word' id='word_1_178' title='bbox 193 3161 206 3210; x_wconf 88' lang='grc'>1</span> <span class='ocrx_word' id='word_1_179' title='bbox 226 3175 353 3230; x_wconf 78' lang='grc' dir='ltr'><strong><em>οκχωρηε</em></strong></span> <span class='ocrx_word' id='word_1_180' title='bbox 372 3174 440 3214; x_wconf 87' lang='lat' dir='ltr'><strong>eorr.</strong></span> <span class='ocrx_word' id='word_1_181' title='bbox 453 3158 571 3214; x_wconf 78' lang='lat' dir='ltr'><strong>Casaub.</strong></span> <span class='ocrx_word' id='word_1_182' title='bbox 631 3177 662 3214; x_wconf 83' lang='grc' dir='ltr'><strong><em>τε</em></strong></span> <span class='ocrx_word' id='word_1_183' title='bbox 681 3156 744 3212; x_wconf 82' lang='lat' dir='ltr'><strong>add.</strong></span> <span class='ocrx_word' id='word_1_184' title='bbox 761 3156 889 3220; x_wconf 80' lang='lat' dir='ltr'><strong>Dindorf.</strong></span> 
     </span>
    </p>
   </div>
   <div class='ocr_carea' id='block_1_16' title="bbox 627 3330 843 3411">
    <p class='ocr_par' dir='ltr' id='par_1_17' title="bbox 627 3330 843 3411">
     <span class='ocr_line' id='line_1_27' title="bbox 627 3330 843 3411; baseline -0.009 -18"><span class='ocrx_word' id='word_1_185' title='bbox 627 3333 668 3393; x_wconf 87' lang='lat'><strong><em>30</em></strong></span> <span class='ocrx_word' id='word_1_186' title='bbox 691 3334 743 3411; x_wconf 85' lang='lat'><strong><em>(13</em></strong></span> <span class='ocrx_word' id='word_1_187' title='bbox 765 3330 843 3409; x_wconf 72' lang='lat' dir='ltr'><strong><em>An)</em></strong></span> 
     </span>
    </p>
   </div>
   <div class='ocr_carea' id='block_1_17' title="bbox 106 3439 1360 3604">
    <p class='ocr_par' dir='ltr' id='par_1_18' title="bbox 106 3439 1360 3604">
     <span class='ocr_line' id='line_1_28' title="bbox 192 3439 1360 3519; baseline 0.003 -20"><span class='ocrx_word' id='word_1_188' title='bbox 192 3444 297 3501; x_wconf 85' lang='lat' dir='ltr'><strong>Athen.</strong></span> <span class='ocrx_word' id='word_1_189' title='bbox 309 3446 352 3500; x_wconf 92' lang='lat' dir='ltr'><strong><em>III</em></strong></span> <span class='ocrx_word' id='word_1_190' title='bbox 365 3447 438 3512; x_wconf 75' lang='lat'>1051&gt;</span> <span class='ocrx_word' id='word_1_191' title='bbox 456 3441 510 3504; x_wconf 87' lang='grc' dir='ltr'><strong><em>τὸν</em></strong></span> <span class='ocrx_word' id='word_1_192' title='bbox 526 3446 553 3503; x_wconf 89' lang='grc' dir='ltr'><strong><em>δ’</em></strong></span> <span class='ocrx_word' id='word_1_193' title='bbox 567 3441 697 3504; x_wconf 75' lang='grc' dir='ltr'><strong><em>ἀστακὸν</em></strong></span> <span class='ocrx_word' id='word_1_194' title='bbox 715 3444 743 3502; x_wconf 80' lang='grc' dir='ltr'><strong><em>οἳ</em></strong></span> <span class='ocrx_word' id='word_1_195' title='bbox 759 3439 880 3504; x_wconf 72' lang='grc' dir='ltr'><strong><em>’.λυτικοί</em></strong></span> <span class='ocrx_word' id='word_1_196' title='bbox 897 3440 941 3504; x_wconf 84' lang='grc' dir='ltr'><strong><em>διύι</em></strong></span> <span class='ocrx_word' id='word_1_197' title='bbox 956 3450 1008 3504; x_wconf 85' lang='grc' dir='ltr'><strong><em>τοῦ</em></strong></span> <span class='ocrx_word' id='word_1_198' title='bbox 1026 3454 1043 3503; x_wconf 83' lang='grc' dir='ltr'><strong><em>δ</em></strong></span> <span class='ocrx_word' id='word_1_199' title='bbox 1063 3440 1192 3504; x_wconf 85' lang='grc' dir='ltr'><strong><em>ὀστακὸν</em></strong></span> <span class='ocrx_word' id='word_1_200' title='bbox 1203 3448 1315 3519; x_wconf 79' lang='grc' dir='ltr'><strong><em>λέγουσι</em></strong></span> <span class='ocrx_word' id='word_1_201' title='bbox 1332 3488 1360 3502; x_wconf 96' lang='grc'><strong><em>..</em></strong></span> 
     </span>
     <span class='ocr_line' id='line_1_29' title="bbox 106 3523 1121 3604; baseline -0.002 -17"><span class='ocrx_word' id='word_1_202' title='bbox 106 3523 143 3587; x_wconf 60' lang='lat' dir='ltr'><strong><em>’ht</em></strong></span> <span class='ocrx_word' id='word_1_203' title='bbox 160 3524 189 3587; x_wconf 80' lang='grc' dir='ltr'><strong><em>δ’</em></strong></span> <span class='ocrx_word' id='word_1_204' title='bbox 206 3528 239 3588; x_wconf 76' lang='grc' dir='ltr'><strong><em>ἐν</em></strong></span> <span class='ocrx_word' id='word_1_205' title='bbox 256 3534 312 3588; x_wconf 69' lang='lat' dir='ltr'><strong><em>ma</em></strong></span> <span class='ocrx_word' id='word_1_206' title='bbox 328 3534 378 3588; x_wconf 86' lang='grc' dir='ltr'><strong><em>καί</em></strong></span> <span class='ocrx_word' id='word_1_207' title='bbox 396 3527 545 3590; x_wconf 75' lang='grc' dir='ltr'><strong><em>Θαλάσσαι</em></strong></span> <span class='ocrx_word' id='word_1_208' title='bbox 561 3533 648 3604; x_wconf 82' lang='grc' dir='ltr'><strong><em>φησίν</em></strong></span> <span class='ocrx_word' id='word_1_209' title='bbox 1117 3550 1121 3555; x_wconf 83' lang='grc'><em>·</em></span> 
     </span>
    </p>
   </div>
   <div class='ocr_carea' id='block_1_18' title="bbox 527 3616 923 3701">
    <p class='ocr_par' dir='ltr' id='par_1_19' title="bbox 527 3616 923 3701">
     <span class='ocr_line' id='line_1_30' title="bbox 527 3616 923 3701; baseline 0.005 -17"><span class='ocrx_word' id='word_1_210' title='bbox 527 3618 682 3686; x_wconf 78' lang='grc' dir='ltr'><strong><em>καστακοί</em></strong></span> <span class='ocrx_word' id='word_1_211' title='bbox 704 3616 923 3701; x_wconf 76' lang='grc' dir='ltr'><strong><em>γαμψώνυχοι.</em></strong></span> 
     </span>
    </p>
   </div>
   <div class='ocr_carea' id='block_1_19' title="bbox 188 3804 1425 3994">
    <p class='ocr_par' dir='ltr' id='par_1_20' title="bbox 188 3804 1425 3994">
     <span class='ocr_line' id='line_1_31' title="bbox 404 3804 839 3885; baseline -0.002 -17"><span class='ocrx_word' id='word_1_212' title='bbox 404 3836 407 3843; x_wconf 95' lang='grc'><em>·</em></span> <span class='ocrx_word' id='word_1_213' title='bbox 511 3804 513 3808; x_wconf 39' lang='lat'><strong><em>⁴</em></strong></span> <span class='ocrx_word' id='word_1_214' title='bbox 624 3811 663 3869; x_wconf 87' lang='grc'><strong><em>31</em></strong></span> <span class='ocrx_word' id='word_1_215' title='bbox 686 3809 738 3885; x_wconf 77' lang='grc'><strong><em>(12</em></strong></span> <span class='ocrx_word' id='word_1_216' title='bbox 760 3805 839 3882; x_wconf 81' lang='lat' dir='ltr'><strong>Ahr)</strong></span> 
     </span>
     <span class='ocr_line' id='line_1_32' title="bbox 188 3914 1425 3994; baseline 0.005 -18"><span class='ocrx_word' id='word_1_217' title='bbox 188 3920 294 3976; x_wconf 88' lang='lat' dir='ltr'><strong>Athen.</strong></span> <span class='ocrx_word' id='word_1_218' title='bbox 302 3919 345 3976; x_wconf 93' lang='lat' dir='ltr'><strong><em>III</em></strong></span> <span class='ocrx_word' id='word_1_219' title='bbox 358 3919 453 3974; x_wconf 83' lang='lat' dir='ltr'><strong>106de</strong></span> <span class='ocrx_word' id='word_1_220' title='bbox 463 3921 600 3992; x_wconf 87' lang='grc' dir='ltr'><strong><em>κουρίδας</em></strong></span> <span class='ocrx_word' id='word_1_221' title='bbox 611 3920 640 3978; x_wconf 79' lang='grc' dir='ltr'><strong><em>δὲ</em></strong></span> <span class='ocrx_word' id='word_1_222' title='bbox 656 3915 709 3987; x_wconf 81' lang='grc' dir='ltr'><strong><em>τὰς</em></strong></span> <span class='ocrx_word' id='word_1_223' title='bbox 719 3925 839 3994; x_wconf 87' lang='grc' dir='ltr'><strong><em>καρῖδας</em></strong></span> <span class='ocrx_word' id='word_1_224' title='bbox 851 3917 944 3994; x_wconf 75' lang='grc' dir='ltr'><strong><em>εἴρηκε</em></strong></span> <span class='ocrx_word' id='word_1_225' title='bbox 957 3963 980 3977; x_wconf 93' lang='grc'><strong><em>..</em></strong></span> <span class='ocrx_word' id='word_1_226' title='bbox 992 3916 1028 3980; x_wconf 65' lang='lat' dir='ltr'><strong><em>&#39;A</em></strong></span> <span class='ocrx_word' id='word_1_227' title='bbox 1040 3921 1072 3980; x_wconf 80' lang='grc' dir='ltr'><strong><em>ἐν</em></strong></span> <span class='ocrx_word' id='word_1_228' title='bbox 1083 3927 1139 3982; x_wconf 67' lang='lat' dir='ltr'><strong><em>Pota</em></strong></span> <span class='ocrx_word' id='word_1_229' title='bbox 1150 3928 1198 3980; x_wconf 88' lang='grc' dir='ltr'><strong><em>καί</em></strong></span> <span class='ocrx_word' id='word_1_230' title='bbox 1213 3914 1360 3982; x_wconf 86' lang='grc' dir='ltr'><strong><em>Θαλοῖσσαι</em></strong></span> <span class='ocrx_word' id='word_1_231' title='bbox 1423 3976 1425 3982; x_wconf 88' lang='grc'><em>,</em></span> 
     </span>
    </p>
   </div>
   <div class='ocr_carea' id='block_1_20' title="bbox 196 4014 1244 4174">
    <p class='ocr_par' dir='ltr' id='par_1_21' title="bbox 196 4014 1244 4174">
     <span class='ocr_line' id='line_1_33' title="bbox 508 4014 972 4091; baseline -0.006 -18"><span class='ocrx_word' id='word_1_232' title='bbox 508 4014 655 4091; x_wconf 83' lang='grc' dir='ltr'><strong><em>κουρίδες</em></strong></span> <span class='ocrx_word' id='word_1_233' title='bbox 676 4033 710 4074; x_wconf 88' lang='grc' dir='ltr'><strong><em>τε</em></strong></span> <span class='ocrx_word' id='word_1_234' title='bbox 731 4015 784 4074; x_wconf 83' lang='grc' dir='ltr'><strong><em>ταὶ</em></strong></span> <span class='ocrx_word' id='word_1_235' title='bbox 806 4017 972 4089; x_wconf 85' lang='grc' dir='ltr'><strong><em>φοινίκιαι.</em></strong></span> 
     </span>
     <span class='ocr_line' id='line_1_34' title="bbox 196 4105 1244 4174; baseline 0.002 -12"><span class='ocrx_word' id='word_1_236' title='bbox 196 4125 228 4163; x_wconf 85' lang='grc' dir='ltr'><strong><em>τε</em></strong></span> <span class='ocrx_word' id='word_1_237' title='bbox 245 4125 278 4163; x_wconf 85' lang='grc' dir='ltr'><strong><em>τε</em></strong></span> <span class='ocrx_word' id='word_1_238' title='bbox 295 4105 339 4174; x_wconf 89' lang='lat' dir='ltr'><strong><em>A,</em></strong></span> <span class='ocrx_word' id='word_1_239' title='bbox 365 4126 397 4164; x_wconf 84' lang='grc' dir='ltr'><strong><em>τε</em></strong></span> <span class='ocrx_word' id='word_1_240' title='bbox 416 4105 475 4161; x_wconf 83' lang='lat' dir='ltr'><strong><em>GE:</em></strong></span> <span class='ocrx_word' id='word_1_241' title='bbox 493 4108 606 4162; x_wconf 76' lang='lat' dir='ltr'><strong>correxi.</strong></span> <span class='ocrx_word' id='word_1_242' title='bbox 635 4115 749 4163; x_wconf 63' lang='lat' dir='ltr'><strong>&#39;servata</strong></span> <span class='ocrx_word' id='word_1_243' title='bbox 766 4115 830 4163; x_wconf 82' lang='lat' dir='ltr'><strong>sunt</strong></span> <span class='ocrx_word' id='word_1_244' title='bbox 847 4115 968 4164; x_wconf 84' lang='lat' dir='ltr'><strong>extrema</strong></span> <span class='ocrx_word' id='word_1_245' title='bbox 984 4109 1133 4164; x_wconf 79' lang='lat' dir='ltr'><strong>tehnmetn&#39;</strong></span> <span class='ocrx_word' id='word_1_246' title='bbox 1150 4110 1244 4165; x_wconf 67' lang='lat' dir='ltr'><strong>verbe</strong></span> 
     </span>
    </p>
   </div>
   <div class='ocr_carea' id='block_1_21' title="bbox 714 4267 754 4327">
    <p class='ocr_par' dir='ltr' id='par_1_22' title="bbox 714 4267 754 4327">
     <span class='ocr_line' id='line_1_35' title="bbox 714 4267 754 4327; baseline -0.025 0"><span class='ocrx_word' id='word_1_247' title='bbox 714 4267 754 4327; x_wconf 82' lang='grc'><strong><em>32</em></strong></span> 
     </span>
    </p>
   </div>
   <div class='ocr_carea' id='block_1_22' title="bbox 110 4356 1364 4522">
    <p class='ocr_par' dir='ltr' id='par_1_23' title="bbox 110 4356 1364 4522">
     <span class='ocr_line' id='line_1_36' title="bbox 196 4356 1363 4434; baseline 0.006 -20"><span class='ocrx_word' id='word_1_248' title='bbox 196 4359 307 4415; x_wconf 82' lang='lat' dir='ltr'><strong>Aelian.</strong></span> <span class='ocrx_word' id='word_1_249' title='bbox 319 4368 375 4416; x_wconf 76' lang='lat' dir='ltr'><strong><em>nat</em></strong></span> <span class='ocrx_word' id='word_1_250' title='bbox 388 4379 431 4417; x_wconf 84' lang='lat' dir='ltr'><strong><em>an.</em></strong></span> <span class='ocrx_word' id='word_1_251' title='bbox 446 4365 514 4428; x_wconf 80' lang='lat'><strong><em>13‚4</em></strong></span> <span class='ocrx_word' id='word_1_252' title='bbox 532 4357 684 4429; x_wconf 78' lang='grc' dir='ltr'><strong><em>σῖκούσειας</em></strong></span> <span class='ocrx_word' id='word_1_253' title='bbox 696 4356 723 4418; x_wconf 84' lang='grc' dir='ltr'><strong><em>δ’</em></strong></span> <span class='ocrx_word' id='word_1_254' title='bbox 736 4358 772 4421; x_wconf 77' lang='grc' dir='ltr'><strong><em>σ’ἱν</em></strong></span> <span class='ocrx_word' id='word_1_255' title='bbox 788 4357 891 4420; x_wconf 78' lang='grc' dir='ltr'><strong><em>ἁλιέων</em></strong></span> <span class='ocrx_word' id='word_1_256' title='bbox 908 4367 957 4420; x_wconf 91' lang='grc' dir='ltr'><strong><em>καί</em></strong></span> <span class='ocrx_word' id='word_1_257' title='bbox 969 4360 1076 4434; x_wconf 76' lang='grc' dir='ltr'><strong><em>ἰχθύων</em></strong></span> <span class='ocrx_word' id='word_1_258' title='bbox 1092 4357 1155 4421; x_wconf 82' lang='grc' dir='ltr'><strong><em>τινὰ</em></strong></span> <span class='ocrx_word' id='word_1_259' title='bbox 1172 4361 1363 4421; x_wconf 82' lang='grc' dir='ltr'><strong><em>καλλιώνυ·</em></strong></span> 
     </span>
     <span class='ocr_line' id='line_1_37' title="bbox 110 4437 1364 4522; baseline 0.003 -21"><span class='ocrx_word' id='word_1_260' title='bbox 110 4464 180 4513; x_wconf 91' lang='grc' dir='ltr'><strong><em>μον</em></strong></span> <span class='ocrx_word' id='word_1_261' title='bbox 198 4437 274 4504; x_wconf 80' lang='grc' dir='ltr'><strong><em>σύτο)</em></strong></span> <span class='ocrx_word' id='word_1_262' title='bbox 292 4446 438 4518; x_wconf 81' lang='grc' dir='ltr'><strong><em>λεγόντων</em></strong></span> <span class='ocrx_word' id='word_1_263' title='bbox 456 4486 483 4500; x_wconf 89' lang='grc'><strong><em>..</em></strong></span> <span class='ocrx_word' id='word_1_264' title='bbox 502 4439 535 4505; x_wconf 88' lang='grc' dir='ltr'><strong><em>ού</em></strong></span> <span class='ocrx_word' id='word_1_265' title='bbox 554 4446 671 4519; x_wconf 81' lang='grc' dir='ltr'><strong><em>ῥαιδίιυς</em></strong></span> <span class='ocrx_word' id='word_1_266' title='bbox 690 4448 719 4506; x_wconf 74' lang='grc' dir='ltr'><strong><em>δὲ</em></strong></span> <span class='ocrx_word' id='word_1_267' title='bbox 737 4443 826 4506; x_wconf 87' lang='grc' dir='ltr'><strong><em>αύτοῦ</em></strong></span> <span class='ocrx_word' id='word_1_268' title='bbox 842 4445 1068 4519; x_wconf 82' lang='grc' dir='ltr'><strong><em>μνημονεύουσιν</em></strong></span> <span class='ocrx_word' id='word_1_269' title='bbox 1085 4445 1117 4505; x_wconf 80' lang='grc' dir='ltr'><strong><em>ἐν</em></strong></span> <span class='ocrx_word' id='word_1_270' title='bbox 1134 4457 1197 4516; x_wconf 85' lang='grc' dir='ltr'><strong><em>ταῖς</em></strong></span> <span class='ocrx_word' id='word_1_271' title='bbox 1214 4443 1286 4522; x_wconf 76' lang='grc' dir='ltr'><strong><em>ὑπὲρ</em></strong></span> <span class='ocrx_word' id='word_1_272' title='bbox 1305 4454 1364 4507; x_wconf 79' lang='grc' dir='ltr'><strong><em>τῶν</em></strong></span> 
     </span>
    </p>
   </div>
   <div class='ocr_carea' id='block_1_23' title="bbox 0 0 1601 5018">
    <p class='ocr_par' dir='ltr' id='par_1_24' title="bbox 0 0 1601 5018">
     <span class='ocr_line' id='line_1_38' title="bbox 0 0 1601 5018; baseline 0 0"><span class='ocrx_word' id='word_1_273' title='bbox 0 0 1601 5018; x_wconf 95' lang='lat' dir='ltr'><strong><em> </em></strong></span> 
     </span>
    </p>
   </div>
  </div>
 </body>
</html>
