3150 5018
693 267 888 325 COMOFDIA
905 268 1051 326 DORIOA

841 446 902 506 104

331 571 401 627 Poll.
418 571 460 627 IX
477 576 520 640 41.
538 576 570 627 42
598 569 721 631 ἐκάλουν
744 573 774 631 δὲ
796 568 837 658 τό,
855 577 1054 631 διδασκαλεῖον
1074 575 1124 630 καὶ
1139 568 1242 646 χορόν,
1269 565 1364 632 όπότε
1390 577 1441 631 καὶ
1458 595 1509 632 του

247 653 418 715 διδάσκαλον
433 655 565 732 χορηγόν
581 661 630 714 καὶ
647 654 689 716 τό
702 654 844 716 διδάσκειν
858 667 1004 741 χορηγεῖν,
1021 661 1071 715 καὶ
1081 653 1205 738 μάλιστα
1223 655 1253 714 οἳ
1265 660 1400 730 Δωριεῖς,
1419 653 1460 726 τός
1472 653 1509 716 Ἔ.

245 740 278 799 ἐν
295 735 416 800 Ὀδυσσεῖ
434 737 613 813 Αὖτομόλοι.
648 758 699 811 pro
716 739 811 815 χορόν
828 743 1002 799 scribendum
1017 750 1221 815 χορηγεῖον,
1238 760 1267 797 v.
1285 742 1324 798 ad
1341 742 1434 818 1τ.13.

542 951 764 1015 (mmm
783 956 984 1016 αενενοε
1005 952 1045 1031 (p.
1062 953 1123 1013 248
1144 950 1220 1030 lor)

844 1086 905 1148 105
984 1106 986 1111 ’

334 1217 441 1274 Athen.
453 1217 521 1272 XIV
533 1216 634 1272 619ab
653 1218 788 1286 Δίομος
805 1213 832 1274 δ’
851 1207 885 1288 ἦν
900 1213 1047 1290 βουκόλος
1059 1213 1232 1291 Σικελιώτης
1251 1215 1267 1276 ό
1283 1221 1408 1290 πρῶτος
1420 1213 1511 1292 εὑρὼν

250 1299 285 1361 τὸ
305 1300 380 1369 εἶδος
399 1303 459 1368 (ie.
477 1298 531 1359 τὸν
547 1297 783 1375 βουκολιασμόν).
817 1299 987 1374 μνημονεύει
1005 1299 1032 1359 δ’
1052 1295 1142 1360 αὐτοῦ
1163 1296 1201 1360 Ἔ.
1218 1299 1251 1359 ἐν
1263 1296 1416 1361 Ἂλκυονεῑ
1433 1303 1508 1370 (fni)

249 1393 297 1446 καῖ
315 1388 347 1445 ἐν
363 1381 486 1446 Ὀδυσσεῖ
503 1391 648 1459 Ναυαχῶι.

846 1564 906 1624 106
959 1615 964 1624 .

336 1692 406 1748 Pell.
424 1693 452 1746 X
471 1696 519 1746 134
544 1684 651 1765 όρδίαξ
672 1693 702 1750 δὲ
725 1687 759 1749 τὸ
777 1689 858 1750 κάτω
880 1696 932 1751 τοῦ
949 1691 1031 1751 λστοῦ
1047 1697 1190 1758 καλεῖται,
1213 1685 1253 1758 ὡς
1270 1686 1305 1749 τό
1325 1689 1390 1752 άνω
1408 1690 1509 1766 καρχή-

252 1798 326 1836 σιον.
360 1781 409 1835 καὶ
431 1773 491 1835 ἔστι
514 1771 549 1834 τὸ
575 1771 593 1833 ό
600 1778 659 1849 ρθλ
666 1781 708 1844 αξ
727 1774 759 1834 ἐν
780 1771 958 1852 Ἐπιχάρμου
979 1771 1101 1836 Ὀδυσσεῖ
1116 1771 1223 1845 (όδυστὶ
1241 1777 1276 1844 C,
1302 1779 1384 1834 omis.
1403 1779 1510 1835 relisi.

251 1864 339 1921 Bethe
359 1863 450 1919 Goett
467 1862 565 1918 Nsehr.
585 1865 650 1916 1895
668 1878 695 1931 p.
708 1865 768 1929 329)
786 1866 932 1934 Ναυαχῶι.
967 1861 1086 1934 Hesych.
1106 1856 1222 1934 όρδίας·
1245 1858 1327 1930 ἱστὸς
1345 1860 1429 1930 νειός.

337 1967 365 2003 v.
382 1954 523 2016 praeterea
540 1946 574 2000 ir.
593 1951 649 2000 172.
670 1950 727 2000 173.

322 2157 543 2220 ὈΔΥΣΣΕΥΣ
563 2154 625 2217 sive
646 2161 906 2221 ΑῩΤὈΜΟΛὈΣ
926 2156 988 2217 sive
1009 2161 1212 2222 ΝΑΥΑΡὈΣ
1233 2157 1273 2236 (p.
1289 2157 1353 2219 248
1374 2155 1452 2237 Ler)

761 2292 821 2353 τοι
846 2293 900 2370 (74
922 2289 1001 2371 εει)

339 2423 383 2477 Et.
401 2421 494 2478 Orien.
514 2425 600 2487 139,1
626 2419 713 2494 ῥῆγσς
736 2416 771 2479 τὸ
790 2417 908 2492 βαπτόν
931 2427 1050 2494 στρῶμα
1070 2416 1114 2484 1το
1133 2426 1304 2496 πορφυροῦν
1320 2417 1512 2494 περιβόλαιον

254 2507 298 2561 Et.
316 2507 352 2561 M.
371 2512 429 2573 703,
441 2512 493 2573 21).
529 2505 608 2580 ῥέξαι
624 2500 681 2579 γάρ
703 2501 738 2562 τὸ
761 2502 858 2579 βάψαι
881 2509 940 2570 (καὶ
958 2505 1048 2564 οἱονεὶ
1064 2511 1256 2578 μεταποιῆσαι
1278 2507 1343 2562 add.
1361 2507 1407 2561 Et.
1426 2508 1464 2574 M)
1483 2547 1513 2562 ..

255 2595 304 2648 καὶ
327 2591 421 2666 ῥηχεῖς
443 2588 543 2664 ἔλεγον
565 2586 633 2658 τοὺς
649 2596 753 2664 βαφεῖς
775 2590 803 2648 οἳ
821 2594 939 2648 παλαιοὶ
960 2595 1018 2657 (καὶ
1036 2591 1121 2665 ῥέγος
1143 2585 1178 2650 τό
1196 2588 1298 2665 βάμμα
1322 2592 1387 2648 add.
1406 2592 1453 2646 Et.
1470 2593 1513 2658 Μ).

253 2672 289 2735 h.
306 2669 428 2734 Ὀδυσσεῖ

502 2762 586 2831 α’λλόι
609 2771 662 2829 καὶ
685 2766 766 2847 ῥέζει
788 2791 819 2829 τι
839 2774 961 2846 χρῶμα.

257 2892 321 2956 άντὶ
333 2902 386 2956 τοῦ
397 2893 511 2971 βάπτει.
541 2897 622 2952 Phot
640 2896 730 2967 ῥέξαι·
749 2902 880 2969 ποιῆσαι,
898 2902 1017 2971 πρᾶξαι,
1035 2890 1177 2968 Ἀθηναῖοι
1189 2897 1218 2954 δὲ
1234 2899 1330 2963 δῦσαι,
1349 2891 1425 2970 παρ’
1444 2893 1517 2962 'Em-

255 2975 370 3054 χάρμαι
393 2978 428 3040 τὸ
447 2979 559 3056 βλάψαι
584 2983 610 3045 (l.
627 2978 742 3055 βάψαι).
778 2982 896 3054 Hesyeh.
915 2981 1001 3052 δέξει·
1029 2978 1145 3055 πράξει,
1170 2977 1265 3048 βάσει,
1290 2981 1516 3056 παρασκευάσει,

257 3064 415 3136 ἑτοιμάσει,
433 3067 514 3134 ξέσει.
550 3067 646 3122 dubito
667 3068 702 3122 de
722 3068 848 3138 tingendi
865 3066 1031 3138 significatu,
1048 3083 1099 3122 nee
1116 3067 1226 3122 sustulit
1243 3067 1437 3123 dubitationes
1454 3067 1517 3123 Mei-

258 3153 358 3207 nekius
375 3152 464 3207 Iahnii
482 3170 545 3207 ann.
565 3157 630 3207 1863
647 3170 675 3223 p.
688 3156 747 3207 388.

345 3237 417 3310 ῥέξει
434 3238 539 3307 legerat
555 3236 619 3292 fert
637 3236 799 3309 Hesychius.

854 3428 914 3489 108

344 3560 464 3615 Antiatt
482 3557 572 3615 Behk.
591 3561 632 3624 82,
652 3562 683 3612 16
702 3550 934 3622 άυυπόδετος·
958 3551 999 3614 'h
1017 3549 1146 3614 Ὀδυσσεῖ.

594 3773 697 3832 OPVA
723 3765 784 3828 sive
810 3772 943 3832 OPOYA
969 3768 1009 3845 (p.
1025 3767 1088 3827 248
1109 3764 1183 3839 Ler)

346 3897 450 3953 Athen.
469 3896 585 3952 1119ss
605 3901 719 3971 χορδῶν
736 3917 768 3955 τε
785 3896 923 3969 μέμνηται
941 3889 1127 3970 Ἐπίχαρμος,
1151 3889 1186 3962 ἃς
1204 3887 1294 3968 όρόας
1317 3888 1458 3966 όνομάζει
1478 3897 1519 3963 (ef.

260 3985 302 4040 IX
320 3988 369 4038 366
379 3983 418 4050 b),
444 3978 608 4057 ἐπιγράψας
631 4004 658 4039 τι
679 3985 728 4039 καὶ
750 3987 809 4039 τῶν
833 3978 987 4055 δραμάτων
1007 3975 1113 4054 Ὀρόαν.
1148 3980 1268 4053 Hesych.
1288 3974 1394 4054 όρσόα·
1421 3978 1519 4056 χορδή,

261 4072 309 4126 καὶ
322 4065 481 4141 σύντριμμα
493 4063 644 4124 πολιτικόν
655 4067 695 4134 (λ),
707 4067 747 4133 εἰς
761 4061 777 4124 ό
790 4061 967 4140 Ἐπιχάρμου
978 4071 1080 4140 δρᾶμα.
1107 4065 1142 4122 cf.
1154 4065 1274 4138 Hesyeh.
1288 4059 1371 4137 όρόα.
1393 4065 1519 4137 Theogn.

261 4173 288 4224 p.
308 4158 356 4209 106
381 4152 426 4219 (ef.
443 4152 501 4207 An.
519 4150 608 4206 Bekh.
630 4169 657 4222 p.
678 4156 752 4218 13821
778 4149 858 4225 ἰχνόα
878 4146 959 4225 όρόα.
994 4146 1180 4225 Ἀρίσταρχος
1202 4150 1347 4209 συστέλλει
1370 4147 1406 4208 τὸ
1430 4159 1451 4209 οῖ
1473 4154 1520 4207 καὶ

261 4240 380 4298 ἐκτείνει
398 4233 434 4294 τὸ
452 4245 469 4294 ῦ
485 4239 535 4294 καὶ
552 4233 766 4309 πρυπαρσξόνει
787 4232 947 4309 ἐναλλαγὴν
963 4232 1053 4294 τόνου
1071 4236 1136 4307 <zat
1151 4232 1263 4307 χρόνου
1278 4234 1380 4306 Bekk)
1403 4256 1520 4309 πεττοαχ

261 4321 333 4392 κιός,
352 4317 392 4389 ὣς
409 4324 495 4395 φησὶν
507 4317 697 4393 Ἡραιιδιανός.
733 4322 818 4378 Lehrs
835 4322 936 4377 Arist²
953 4337 980 4390 p.
992 4324 1050 4374 302.
1068 4353 1075 4364 ·

348 4408 416 4463 nihil
434 4414 566 4476 superest,
589 4407 638 4462 sed
655 4425 682 4462 v.
701 4408 737 4462 ad
755 4412 850 4465 Νᾱσοι
868 4407 977 4462 fabulae
995 4405 1113 4461 titulum.
