<?xml version="1.0" encoding="UTF-8"?>
<!DOCTYPE html PUBLIC "-//W3C//DTD XHTML 1.0 Transitional//EN"
    "http://www.w3.org/TR/xhtml1/DTD/xhtml1-transitional.dtd">
<html xmlns="http://www.w3.org/1999/xhtml" xml:lang="en" lang="en">
 <head>
  <title>
</title>
<meta http-equiv="Content-Type" content="text/html;charset=utf-8" />
  <meta name='ocr-system' content='tesseract 3.04.00' />
  <meta name='ocr-capabilities' content='ocr_page ocr_carea ocr_par ocr_line ocrx_word'/>
</head>
<body>
  <div class='ocr_page' id='page_1' title='image "./comicorvmgraeco00kaibgoog_0095.png"; bbox 0 0 3150 5018; ppageno 0'>
   <div class='ocr_carea' id='block_1_1' title="bbox 621 218 1021 271">
    <p class='ocr_par' dir='ltr' id='par_1_1' title="bbox 621 218 1021 271">
     <span class='ocr_line' id='line_1_1' title="bbox 621 218 1021 271; baseline 0.005 -3"><span class='ocrx_word' id='word_1_1' title='bbox 621 220 668 268; x_wconf 81' lang='lat' dir='ltr'><strong>DE</strong></span> <span class='ocrx_word' id='word_1_2' title='bbox 686 218 865 270; x_wconf 74' lang='lat' dir='ltr'>COMOEDIA</span> <span class='ocrx_word' id='word_1_3' title='bbox 882 219 1021 271; x_wconf 80' lang='lat' dir='ltr'>GRAECA</span> 
     </span>
    </p>
   </div>
   <div class='ocr_carea' id='block_1_2' title="bbox 521 471 1123 542">
    <p class='ocr_par' dir='ltr' id='par_1_2' title="bbox 521 471 1123 542">
     <span class='ocr_line' id='line_1_2' title="bbox 521 471 1123 542; baseline 0.012 -7"><span class='ocrx_word' id='word_1_4' title='bbox 521 473 615 536; x_wconf 90' lang='lat' dir='ltr'>XIII.</span> <span class='ocrx_word' id='word_1_5' title='bbox 652 471 832 539; x_wconf 86' lang='lat' dir='ltr'>ELIBRO</span> <span class='ocrx_word' id='word_1_6' title='bbox 857 472 1123 542; x_wconf 81' lang='lat' dir='ltr'><strong>GLOSSARVM.</strong></span> 
     </span>
    </p>
   </div>
   <div class='ocr_carea' id='block_1_3' title="bbox 813 644 830 704">
    <p class='ocr_par' dir='ltr' id='par_1_3' title="bbox 813 644 830 704">
     <span class='ocr_line' id='line_1_3' title="bbox 813 644 830 704; baseline 0 0"><span class='ocrx_word' id='word_1_7' title='bbox 813 644 830 704; x_wconf 97' lang='grc' dir='ltr'>Ι</span> 
     </span>
    </p>
   </div>
   <div class='ocr_carea' id='block_1_4' title="bbox 193 762 1502 3085">
    <p class='ocr_par' dir='ltr' id='par_1_4' title="bbox 198 762 873 946">
     <span class='ocr_line' id='line_1_4' title="bbox 198 762 765 843; baseline 0.007 -21"><span class='ocrx_word' id='word_1_8' title='bbox 198 764 225 824; x_wconf 93' lang='grc'><strong>1.</strong></span> <span class='ocrx_word' id='word_1_9' title='bbox 258 762 423 825; x_wconf 82' lang='lat' dir='ltr'><strong>Comoedia</strong></span> <span class='ocrx_word' id='word_1_10' title='bbox 466 764 586 826; x_wconf 88' lang='lat' dir='ltr'><strong>historia</strong></span> <span class='ocrx_word' id='word_1_11' title='bbox 608 763 765 843; x_wconf 77' lang='lat' dir='ltr'><strong>tragoedia</strong></span> 
     </span>
     <span class='ocr_line' id='line_1_5' title="bbox 260 864 873 946; baseline 0.002 -20"><span class='ocrx_word' id='word_1_12' title='bbox 260 864 434 929; x_wconf 84' lang='lat' dir='ltr'><strong>comoedIae.</strong></span> <span class='ocrx_word' id='word_1_13' title='bbox 479 867 595 927; x_wconf 89' lang='lat' dir='ltr'><strong>cantica</strong></span> <span class='ocrx_word' id='word_1_14' title='bbox 616 865 742 944; x_wconf 88' lang='lat' dir='ltr'><strong>agrestia</strong></span> <span class='ocrx_word' id='word_1_15' title='bbox 762 884 873 946; x_wconf 83' lang='lat' dir='ltr'><strong>graece.</strong></span> 
     </span>
    </p>

    <p class='ocr_par' dir='ltr' id='par_1_5' title="bbox 197 965 1458 1049">
     <span class='ocr_line' id='line_1_6' title="bbox 197 965 1458 1049; baseline 0.003 -21"><span class='ocrx_word' id='word_1_16' title='bbox 197 969 224 1029; x_wconf 83' lang='grc'><strong>2.</strong></span> <span class='ocrx_word' id='word_1_17' title='bbox 258 967 407 1028; x_wconf 79' lang='lat' dir='ltr'>comoedia</span> <span class='ocrx_word' id='word_1_18' title='bbox 434 977 479 1029; x_wconf 88' lang='lat' dir='ltr'><strong>est</strong></span> <span class='ocrx_word' id='word_1_19' title='bbox 506 987 582 1049; x_wconf 88' lang='lat' dir='ltr'><strong>quae</strong></span> <span class='ocrx_word' id='word_1_20' title='bbox 603 986 649 1026; x_wconf 89' lang='lat' dir='ltr'><strong>res</strong></span> <span class='ocrx_word' id='word_1_21' title='bbox 671 965 853 1044; x_wconf 82' lang='lat' dir='ltr'><strong>privatorum</strong></span> <span class='ocrx_word' id='word_1_22' title='bbox 875 977 904 1027; x_wconf 89' lang='lat' dir='ltr'><strong>et</strong></span> <span class='ocrx_word' id='word_1_23' title='bbox 924 966 1080 1030; x_wconf 90' lang='lat' dir='ltr'><strong>humilium</strong></span> <span class='ocrx_word' id='word_1_24' title='bbox 1107 988 1299 1047; x_wconf 88' lang='lat' dir='ltr'><strong>personarum</strong></span> <span class='ocrx_word' id='word_1_25' title='bbox 1323 991 1458 1049; x_wconf 89' lang='lat' dir='ltr'><strong>compre·</strong></span> 
     </span>
    </p>

    <p class='ocr_par' dir='ltr' id='par_1_6' title="bbox 193 1067 1325 1148">
     <span class='ocr_line' id='line_1_7' title="bbox 193 1067 1325 1148; baseline 0.006 -20"><span class='ocrx_word' id='word_1_26' title='bbox 193 1069 195 1073; x_wconf 83' lang='grc'><strong>’</strong></span> <span class='ocrx_word' id='word_1_27' title='bbox 259 1068 363 1129; x_wconf 89' lang='lat' dir='ltr'><strong>hendit</strong></span> <span class='ocrx_word' id='word_1_28' title='bbox 384 1089 448 1130; x_wconf 90' lang='lat' dir='ltr'><strong>non</strong></span> <span class='ocrx_word' id='word_1_29' title='bbox 469 1078 530 1130; x_wconf 85' lang='lat' dir='ltr'><strong>tam</strong></span> <span class='ocrx_word' id='word_1_30' title='bbox 552 1067 614 1129; x_wconf 84' lang='lat' dir='ltr'><strong>alto</strong></span> <span class='ocrx_word' id='word_1_31' title='bbox 636 1077 670 1128; x_wconf 92' lang='lat' dir='ltr'><strong>ut</strong></span> <span class='ocrx_word' id='word_1_32' title='bbox 690 1067 841 1148; x_wconf 74' lang='lat' dir='ltr'><strong>tragoedia</strong></span> <span class='ocrx_word' id='word_1_33' title='bbox 862 1068 931 1130; x_wconf 88' lang='lat' dir='ltr'><strong>stilo</strong></span> <span class='ocrx_word' id='word_1_34' title='bbox 953 1069 1005 1131; x_wconf 92' lang='lat' dir='ltr'><strong>sed</strong></span> <span class='ocrx_word' id='word_1_35' title='bbox 1027 1069 1164 1131; x_wconf 91' lang='lat' dir='ltr'><strong>mediocri</strong></span> <span class='ocrx_word' id='word_1_36' title='bbox 1185 1081 1214 1132; x_wconf 90' lang='lat' dir='ltr'><strong>et</strong></span> <span class='ocrx_word' id='word_1_37' title='bbox 1235 1071 1325 1135; x_wconf 85' lang='lat' dir='ltr'><strong>dulci</strong></span> 
     </span>
    </p>

    <p class='ocr_par' dir='ltr' id='par_1_7' title="bbox 197 1170 1502 2778">
     <span class='ocr_line' id='line_1_8' title="bbox 197 1170 1486 1252; baseline 0 -20"><span class='ocrx_word' id='word_1_38' title='bbox 197 1173 225 1233; x_wconf 89' lang='lat'><strong>3.</strong></span> <span class='ocrx_word' id='word_1_39' title='bbox 258 1170 407 1232; x_wconf 81' lang='lat' dir='ltr'><strong>comoedia</strong></span> <span class='ocrx_word' id='word_1_40' title='bbox 433 1181 479 1232; x_wconf 87' lang='lat' dir='ltr'><strong>est</strong></span> <span class='ocrx_word' id='word_1_41' title='bbox 506 1190 581 1252; x_wconf 91' lang='lat' dir='ltr'><strong>quae</strong></span> <span class='ocrx_word' id='word_1_42' title='bbox 608 1170 792 1247; x_wconf 88' lang='lat' dir='ltr'><strong>privatorum</strong></span> <span class='ocrx_word' id='word_1_43' title='bbox 819 1170 972 1232; x_wconf 92' lang='lat' dir='ltr'><strong>hominum</strong></span> <span class='ocrx_word' id='word_1_44' title='bbox 1000 1172 1132 1234; x_wconf 90' lang='lat' dir='ltr'><strong>continet</strong></span> <span class='ocrx_word' id='word_1_45' title='bbox 1155 1184 1230 1237; x_wconf 86' lang='lat' dir='ltr'><strong>acts.</strong></span> <span class='ocrx_word' id='word_1_46' title='bbox 1273 1175 1486 1236; x_wconf 74' lang='lat' dir='ltr'><strong>comoediamt</strong></span> 
     </span>
     <span class='ocr_line' id='line_1_9' title="bbox 260 1271 1461 1350; baseline 0.006 -17"><span class='ocrx_word' id='word_1_47' title='bbox 260 1282 358 1334; x_wconf 86' lang='lat' dir='ltr'><strong>autem</strong></span> <span class='ocrx_word' id='word_1_48' title='bbox 387 1273 537 1335; x_wconf 82' lang='lat' dir='ltr'><strong>invenisse</strong></span> <span class='ocrx_word' id='word_1_49' title='bbox 563 1271 700 1334; x_wconf 76' lang='lat' dir='ltr'><strong>Thaliam</strong></span> <span class='ocrx_word' id='word_1_50' title='bbox 728 1291 820 1332; x_wconf 89' lang='lat' dir='ltr'><strong>unam</strong></span> <span class='ocrx_word' id='word_1_51' title='bbox 849 1293 887 1332; x_wconf 89' lang='lat' dir='ltr'><strong>ex</strong></span> <span class='ocrx_word' id='word_1_52' title='bbox 913 1272 1010 1334; x_wconf 90' lang='lat' dir='ltr'><strong>Musis</strong></span> <span class='ocrx_word' id='word_1_53' title='bbox 1038 1284 1142 1350; x_wconf 86' lang='lat' dir='ltr'><strong>poetae</strong></span> <span class='ocrx_word' id='word_1_54' title='bbox 1170 1274 1331 1340; x_wconf 76' lang='lat' dir='ltr'><strong>finxerunt.</strong></span> <span class='ocrx_word' id='word_1_55' title='bbox 1379 1276 1461 1340; x_wconf 90' lang='lat' dir='ltr'><strong>dicta</strong></span> 
     </span>
     <span class='ocr_line' id='line_1_10' title="bbox 261 1373 1461 1458; baseline 0.003 -24"><span class='ocrx_word' id='word_1_56' title='bbox 261 1383 359 1434; x_wconf 86' lang='lat' dir='ltr'><strong>autem</strong></span> <span class='ocrx_word' id='word_1_57' title='bbox 380 1374 529 1436; x_wconf 82' lang='lat' dir='ltr'><strong>comoedia</strong></span> <span class='ocrx_word' id='word_1_58' title='bbox 552 1375 613 1436; x_wconf 84' lang='lat' dir='ltr'><strong>sive</strong></span> <span class='ocrx_word' id='word_1_59' title='bbox 635 1394 653 1434; x_wconf 98' lang='lat' dir='ltr'><strong>a</strong></span> <span class='ocrx_word' id='word_1_60' title='bbox 674 1373 748 1447; x_wconf 87' lang='lat' dir='ltr'><strong>loco,</strong></span> <span class='ocrx_word' id='word_1_61' title='bbox 771 1374 841 1454; x_wconf 93' lang='lat' dir='ltr'><strong>quia</strong></span> <span class='ocrx_word' id='word_1_62' title='bbox 855 1374 963 1436; x_wconf 91' lang='lat' dir='ltr'><strong>circum</strong></span> <span class='ocrx_word' id='word_1_63' title='bbox 978 1394 1071 1456; x_wconf 82' lang='lat' dir='ltr'><strong>pagos</strong></span> <span class='ocrx_word' id='word_1_64' title='bbox 1085 1375 1236 1455; x_wconf 77' lang='lat' dir='ltr'><strong>agebatur,</strong></span> <span class='ocrx_word' id='word_1_65' title='bbox 1258 1398 1333 1458; x_wconf 90' lang='lat' dir='ltr'><strong>quos</strong></span> <span class='ocrx_word' id='word_1_66' title='bbox 1349 1377 1461 1441; x_wconf 87' lang='lat' dir='ltr'><strong>Graeci</strong></span> 
     </span>
     <span class='ocr_line' id='line_1_11' title="bbox 261 1476 1460 1555; baseline 0.003 -18"><span class='ocrx_word' id='word_1_67' title='bbox 261 1496 359 1538; x_wconf 89' lang='lat' dir='ltr'><strong>comas</strong></span> <span class='ocrx_word' id='word_1_68' title='bbox 380 1485 502 1549; x_wconf 86' lang='lat' dir='ltr'><strong>vocant,</strong></span> <span class='ocrx_word' id='word_1_69' title='bbox 532 1476 594 1537; x_wconf 76' lang='lat' dir='ltr'><strong>siue</strong></span> <span class='ocrx_word' id='word_1_70' title='bbox 616 1495 635 1535; x_wconf 92' lang='lat' dir='ltr'><strong>a</strong></span> <span class='ocrx_word' id='word_1_71' title='bbox 655 1477 882 1538; x_wconf 83' lang='lat' dir='ltr'><strong>comessatione:</strong></span> <span class='ocrx_word' id='word_1_72' title='bbox 919 1476 1057 1539; x_wconf 88' lang='lat' dir='ltr'><strong>solebant</strong></span> <span class='ocrx_word' id='word_1_73' title='bbox 1082 1477 1161 1538; x_wconf 88' lang='lat' dir='ltr'><strong>enim</strong></span> <span class='ocrx_word' id='word_1_74' title='bbox 1189 1489 1257 1555; x_wconf 91' lang='lat' dir='ltr'><strong>post</strong></span> <span class='ocrx_word' id='word_1_75' title='bbox 1284 1479 1385 1540; x_wconf 88' lang='lat' dir='ltr'><strong>cibum</strong></span> <span class='ocrx_word' id='word_1_76' title='bbox 1406 1479 1460 1541; x_wconf 81' lang='lat' dir='ltr'><strong>ho</strong></span> 
     </span>
     <span class='ocr_line' id='line_1_12' title="bbox 261 1576 1461 1656; baseline 0.002 -18"><span class='ocrx_word' id='word_1_77' title='bbox 261 1578 354 1640; x_wconf 92' lang='lat' dir='ltr'><strong>mines</strong></span> <span class='ocrx_word' id='word_1_78' title='bbox 377 1578 415 1639; x_wconf 90' lang='lat' dir='ltr'><strong>ad</strong></span> <span class='ocrx_word' id='word_1_79' title='bbox 437 1598 488 1639; x_wconf 90' lang='lat' dir='ltr'><strong>eos</strong></span> <span class='ocrx_word' id='word_1_80' title='bbox 510 1576 674 1639; x_wconf 90' lang='lat' dir='ltr'><strong>audiendos</strong></span> <span class='ocrx_word' id='word_1_81' title='bbox 695 1577 804 1640; x_wconf 86' lang='lat' dir='ltr'><strong>venire.</strong></span> <span class='ocrx_word' id='word_1_82' title='bbox 848 1581 877 1639; x_wconf 88' lang='grc'><strong>4.</strong></span> <span class='ocrx_word' id='word_1_83' title='bbox 900 1577 952 1639; x_wconf 90' lang='lat' dir='ltr'><strong>sed</strong></span> <span class='ocrx_word' id='word_1_84' title='bbox 967 1579 1047 1656; x_wconf 89' lang='lat' dir='ltr'><strong>prior</strong></span> <span class='ocrx_word' id='word_1_85' title='bbox 1061 1599 1096 1641; x_wconf 86' lang='lat' dir='ltr'><strong>ac</strong></span> <span class='ocrx_word' id='word_1_86' title='bbox 1110 1589 1197 1642; x_wconf 88' lang='lat' dir='ltr'><strong>vetus</strong></span> <span class='ocrx_word' id='word_1_87' title='bbox 1219 1579 1370 1641; x_wconf 88' lang='lat' dir='ltr'><strong>comoedia</strong></span> <span class='ocrx_word' id='word_1_88' title='bbox 1392 1580 1461 1641; x_wconf 90' lang='lat' dir='ltr'><strong>ridi·</strong></span> 
     </span>
     <span class='ocr_line' id='line_1_13' title="bbox 262 1679 1500 1762; baseline 0 -20"><span class='ocrx_word' id='word_1_89' title='bbox 262 1680 370 1742; x_wconf 84' lang='lat' dir='ltr'><strong>cularia</strong></span> <span class='ocrx_word' id='word_1_90' title='bbox 391 1681 494 1743; x_wconf 82' lang='lat' dir='ltr'><strong>extitit.</strong></span> <span class='ocrx_word' id='word_1_91' title='bbox 538 1689 642 1761; x_wconf 84' lang='lat' dir='ltr'><strong>postea</strong></span> <span class='ocrx_word' id='word_1_92' title='bbox 663 1679 764 1741; x_wconf 85' lang='lat' dir='ltr'><strong>civiles</strong></span> <span class='ocrx_word' id='word_1_93' title='bbox 785 1679 835 1742; x_wconf 87' lang='lat' dir='ltr'><strong>vel</strong></span> <span class='ocrx_word' id='word_1_94' title='bbox 849 1680 981 1758; x_wconf 83' lang='lat' dir='ltr'><strong>privatas</strong></span> <span class='ocrx_word' id='word_1_95' title='bbox 1003 1681 1143 1762; x_wconf 83' lang='lat' dir='ltr'><strong>adgressa</strong></span> <span class='ocrx_word' id='word_1_96' title='bbox 1164 1682 1300 1743; x_wconf 85' lang='lat' dir='ltr'><strong>materias</strong></span> <span class='ocrx_word' id='word_1_97' title='bbox 1321 1681 1355 1742; x_wconf 93' lang='lat' dir='ltr'><strong>in</strong></span> <span class='ocrx_word' id='word_1_98' title='bbox 1369 1681 1458 1744; x_wconf 88' lang='lat' dir='ltr'><strong>dictis</strong></span> <span class='ocrx_word' id='word_1_99' title='bbox 1473 1693 1500 1742; x_wconf 88' lang='lat'><strong>10</strong></span> 
     </span>
     <span class='ocr_line' id='line_1_14' title="bbox 263 1781 1460 1863; baseline 0.001 -19"><span class='ocrx_word' id='word_1_100' title='bbox 263 1791 352 1862; x_wconf 87' lang='lat' dir='ltr'><strong>atque</strong></span> <span class='ocrx_word' id='word_1_101' title='bbox 365 1791 452 1863; x_wconf 90' lang='lat' dir='ltr'><strong>gestu</strong></span> <span class='ocrx_word' id='word_1_102' title='bbox 473 1782 680 1844; x_wconf 82' lang='lat' dir='ltr'><strong>universorum</strong></span> <span class='ocrx_word' id='word_1_103' title='bbox 701 1781 809 1843; x_wconf 83' lang='lat' dir='ltr'><strong>delicta</strong></span> <span class='ocrx_word' id='word_1_104' title='bbox 822 1783 981 1860; x_wconf 76' lang='lat' dir='ltr'><strong>corrIpiens</strong></span> <span class='ocrx_word' id='word_1_105' title='bbox 1003 1783 1036 1844; x_wconf 91' lang='lat' dir='ltr'><strong>in</strong></span> <span class='ocrx_word' id='word_1_106' title='bbox 1051 1803 1188 1845; x_wconf 87' lang='lat' dir='ltr'><strong>scaenam</strong></span> <span class='ocrx_word' id='word_1_107' title='bbox 1202 1783 1380 1862; x_wconf 87' lang='lat' dir='ltr'><strong>proferebat,</strong></span> <span class='ocrx_word' id='word_1_108' title='bbox 1402 1805 1460 1846; x_wconf 89' lang='lat' dir='ltr'><strong>nec</strong></span> 
     </span>
     <span class='ocr_line' id='line_1_15' title="bbox 263 1884 1461 1965; baseline 0.003 -20"><span class='ocrx_word' id='word_1_109' title='bbox 263 1884 442 1946; x_wconf 88' lang='lat' dir='ltr'><strong>vetabantur</strong></span> <span class='ocrx_word' id='word_1_110' title='bbox 468 1894 572 1961; x_wconf 86' lang='lat' dir='ltr'><strong>poetae</strong></span> <span class='ocrx_word' id='word_1_111' title='bbox 599 1884 759 1960; x_wconf 91' lang='lat' dir='ltr'><strong>pessimum</strong></span> <span class='ocrx_word' id='word_1_112' title='bbox 787 1904 934 1965; x_wconf 91' lang='lat' dir='ltr'><strong>quemque</strong></span> <span class='ocrx_word' id='word_1_113' title='bbox 956 1884 1119 1947; x_wconf 88' lang='lat' dir='ltr'><strong>describere</strong></span> <span class='ocrx_word' id='word_1_114' title='bbox 1139 1885 1190 1946; x_wconf 88' lang='lat' dir='ltr'><strong>vel</strong></span> <span class='ocrx_word' id='word_1_115' title='bbox 1212 1885 1370 1948; x_wconf 90' lang='lat' dir='ltr'><strong>cuiuslibet</strong></span> <span class='ocrx_word' id='word_1_116' title='bbox 1392 1906 1461 1965; x_wconf 90' lang='lat' dir='ltr'><strong>peo-</strong></span> 
     </span>
     <span class='ocr_line' id='line_1_16' title="bbox 262 1985 1460 2066; baseline 0.002 -18"><span class='ocrx_word' id='word_1_117' title='bbox 262 1995 329 2048; x_wconf 89' lang='lat' dir='ltr'><strong>cata</strong></span> <span class='ocrx_word' id='word_1_118' title='bbox 350 2005 503 2066; x_wconf 87' lang='lat' dir='ltr'><strong>moresque</strong></span> <span class='ocrx_word' id='word_1_119' title='bbox 524 1985 744 2063; x_wconf 88' lang='lat' dir='ltr'><strong>reprehendere.</strong></span> <span class='ocrx_word' id='word_1_120' title='bbox 788 1996 890 2048; x_wconf 83' lang='lat' dir='ltr'><strong>auctor</strong></span> <span class='ocrx_word' id='word_1_121' title='bbox 911 1986 975 2048; x_wconf 90' lang='lat' dir='ltr'><strong>eius</strong></span> <span class='ocrx_word' id='word_1_122' title='bbox 996 1987 1139 2050; x_wconf 82' lang='lat' dir='ltr'><strong>Susarion</strong></span> <span class='ocrx_word' id='word_1_123' title='bbox 1161 1986 1294 2050; x_wconf 87' lang='lat' dir='ltr'><strong>traditur.</strong></span> <span class='ocrx_word' id='word_1_124' title='bbox 1346 1991 1377 2050; x_wconf 88' lang='lat'><strong>5.</strong></span> <span class='ocrx_word' id='word_1_125' title='bbox 1407 1989 1460 2050; x_wconf 90' lang='lat' dir='ltr'><strong>sed</strong></span> 
     </span>
     <span class='ocr_line' id='line_1_17' title="bbox 262 2084 1462 2172; baseline 0.005 -26"><span class='ocrx_word' id='word_1_126' title='bbox 262 2088 294 2149; x_wconf 90' lang='lat' dir='ltr'><strong>in</strong></span> <span class='ocrx_word' id='word_1_127' title='bbox 315 2086 436 2149; x_wconf 83' lang='lat' dir='ltr'><strong>fabulas</strong></span> <span class='ocrx_word' id='word_1_128' title='bbox 464 2088 549 2165; x_wconf 91' lang='lat' dir='ltr'><strong>primi</strong></span> <span class='ocrx_word' id='word_1_129' title='bbox 577 2107 642 2148; x_wconf 90' lang='lat' dir='ltr'><strong>eam</strong></span> <span class='ocrx_word' id='word_1_130' title='bbox 663 2087 855 2150; x_wconf 89' lang='lat' dir='ltr'><strong>contulerunt</strong></span> <span class='ocrx_word' id='word_1_131' title='bbox 882 2084 981 2172; x_wconf 76' lang='lat' dir='ltr'><strong>(non)</strong></span> <span class='ocrx_word' id='word_1_132' title='bbox 1005 2109 1143 2170; x_wconf 89' lang='lat' dir='ltr'><strong>magnas,</strong></span> <span class='ocrx_word' id='word_1_133' title='bbox 1172 2089 1214 2150; x_wconf 91' lang='lat' dir='ltr'><strong>ita</strong></span> <span class='ocrx_word' id='word_1_134' title='bbox 1234 2099 1352 2151; x_wconf 87' lang='lat' dir='ltr'><strong>utnon</strong></span> <span class='ocrx_word' id='word_1_135' title='bbox 1376 2111 1462 2152; x_wconf 81' lang='lat' dir='ltr'><strong>exce</strong></span> 
     </span>
     <span class='ocr_line' id='line_1_18' title="bbox 263 2189 1502 2270; baseline 0.003 -21"><span class='ocrx_word' id='word_1_136' title='bbox 263 2189 367 2250; x_wconf 85' lang='lat' dir='ltr'><strong>darent</strong></span> <span class='ocrx_word' id='word_1_137' title='bbox 386 2190 418 2250; x_wconf 93' lang='lat' dir='ltr'><strong>in</strong></span> <span class='ocrx_word' id='word_1_138' title='bbox 440 2189 565 2270; x_wconf 87' lang='lat' dir='ltr'><strong>singulis</strong></span> <span class='ocrx_word' id='word_1_139' title='bbox 586 2210 690 2252; x_wconf 84' lang='lat' dir='ltr'><strong>versus</strong></span> <span class='ocrx_word' id='word_1_140' title='bbox 712 2200 854 2253; x_wconf 88' lang='lat' dir='ltr'><strong>trecenos.</strong></span> <span class='ocrx_word' id='word_1_141' title='bbox 905 2194 932 2253; x_wconf 88' lang='lat'><strong>6.</strong></span> <span class='ocrx_word' id='word_1_142' title='bbox 961 2200 1066 2269; x_wconf 84' lang='lat' dir='ltr'><strong>postea</strong></span> <span class='ocrx_word' id='word_1_143' title='bbox 1086 2200 1186 2253; x_wconf 85' lang='lat' dir='ltr'><strong>autem</strong></span> <span class='ocrx_word' id='word_1_144' title='bbox 1208 2191 1316 2254; x_wconf 90' lang='lat' dir='ltr'><strong>omissa</strong></span> <span class='ocrx_word' id='word_1_145' title='bbox 1335 2191 1502 2254; x_wconf 79' lang='lat' dir='ltr'><strong>maledi-15</strong></span> 
     </span>
     <span class='ocr_line' id='line_1_19' title="bbox 264 2291 1462 2370; baseline 0.002 -16"><span class='ocrx_word' id='word_1_146' title='bbox 264 2291 349 2354; x_wconf 86' lang='lat' dir='ltr'><strong>cendi</strong></span> <span class='ocrx_word' id='word_1_147' title='bbox 370 2291 504 2354; x_wconf 88' lang='lat' dir='ltr'><strong>libertate</strong></span> <span class='ocrx_word' id='word_1_148' title='bbox 525 2292 706 2370; x_wconf 83' lang='lat' dir='ltr'><strong>privatorum</strong></span> <span class='ocrx_word' id='word_1_149' title='bbox 728 2291 884 2354; x_wconf 89' lang='lat' dir='ltr'><strong>hominum</strong></span> <span class='ocrx_word' id='word_1_150' title='bbox 897 2293 989 2356; x_wconf 85' lang='lat' dir='ltr'><strong>vitam</strong></span> <span class='ocrx_word' id='word_1_151' title='bbox 1011 2313 1080 2355; x_wconf 91' lang='lat' dir='ltr'><strong>cum</strong></span> <span class='ocrx_word' id='word_1_152' title='bbox 1096 2292 1244 2354; x_wconf 85' lang='lat' dir='ltr'><strong>hilaritate</strong></span> <span class='ocrx_word' id='word_1_153' title='bbox 1257 2291 1462 2368; x_wconf 88' lang='lat' dir='ltr'><strong>imitabantur,</strong></span> 
     </span>
     <span class='ocr_line' id='line_1_20' title="bbox 264 2393 1463 2475; baseline 0 -20"><span class='ocrx_word' id='word_1_154' title='bbox 264 2395 457 2456; x_wconf 87' lang='lat' dir='ltr'><strong>admonentes</strong></span> <span class='ocrx_word' id='word_1_155' title='bbox 487 2394 557 2475; x_wconf 92' lang='lat' dir='ltr'><strong>quid</strong></span> <span class='ocrx_word' id='word_1_156' title='bbox 585 2393 785 2471; x_wconf 80' lang='lat' dir='ltr'><strong>adpetendum</strong></span> <span class='ocrx_word' id='word_1_157' title='bbox 813 2394 922 2474; x_wconf 89' lang='lat' dir='ltr'><strong>quidve</strong></span> <span class='ocrx_word' id='word_1_158' title='bbox 949 2394 1117 2457; x_wconf 90' lang='lat' dir='ltr'><strong>cavendum</strong></span> <span class='ocrx_word' id='word_1_159' title='bbox 1143 2403 1228 2458; x_wconf 84' lang='lat' dir='ltr'><strong>esset</strong></span> <span class='ocrx_word' id='word_1_160' title='bbox 1287 2399 1315 2456; x_wconf 85' lang='lat'><strong>7.</strong></span> <span class='ocrx_word' id='word_1_161' title='bbox 1343 2394 1463 2456; x_wconf 88' lang='lat' dir='ltr'><strong>Romae</strong></span> 
     </span>
     <span class='ocr_line' id='line_1_21' title="bbox 264 2495 1462 2577; baseline 0.003 -20"><span class='ocrx_word' id='word_1_162' title='bbox 264 2495 428 2576; x_wconf 90' lang='lat' dir='ltr'><strong>tragoedias</strong></span> <span class='ocrx_word' id='word_1_163' title='bbox 450 2495 673 2576; x_wconf 85' lang='lat' dir='ltr'><strong>comoediaeque</strong></span> <span class='ocrx_word' id='word_1_164' title='bbox 694 2496 806 2573; x_wconf 91' lang='lat' dir='ltr'><strong>primus</strong></span> <span class='ocrx_word' id='word_1_165' title='bbox 828 2497 889 2577; x_wconf 87' lang='lat' dir='ltr'><strong>egit</strong></span> <span class='ocrx_word' id='word_1_166' title='bbox 909 2496 1044 2577; x_wconf 91' lang='lat' dir='ltr'><strong>idemque</strong></span> <span class='ocrx_word' id='word_1_167' title='bbox 1065 2497 1152 2557; x_wconf 88' lang='lat' dir='ltr'><strong>etiam</strong></span> <span class='ocrx_word' id='word_1_168' title='bbox 1173 2496 1339 2575; x_wconf 90' lang='lat' dir='ltr'><strong>composuit</strong></span> <span class='ocrx_word' id='word_1_169' title='bbox 1352 2496 1462 2560; x_wconf 87' lang='lat' dir='ltr'><strong>Livius</strong></span> 
     </span>
     <span class='ocr_line' id='line_1_22' title="bbox 265 2597 1462 2679; baseline 0.002 -20"><span class='ocrx_word' id='word_1_170' title='bbox 265 2598 457 2659; x_wconf 87' lang='lat' dir='ltr'><strong>Andronicus</strong></span> <span class='ocrx_word' id='word_1_171' title='bbox 486 2597 596 2675; x_wconf 88' lang='lat' dir='ltr'><strong>duplici</strong></span> <span class='ocrx_word' id='word_1_172' title='bbox 623 2607 693 2679; x_wconf 84' lang='lat' dir='ltr'><strong>toga</strong></span> <span class='ocrx_word' id='word_1_173' title='bbox 714 2597 869 2662; x_wconf 78' lang='lat' dir='ltr'><strong>infulatus.</strong></span> <span class='ocrx_word' id='word_1_174' title='bbox 914 2608 988 2676; x_wconf 88' lang='lat' dir='ltr'><strong>aput</strong></span> <span class='ocrx_word' id='word_1_175' title='bbox 1008 2598 1162 2660; x_wconf 86' lang='lat' dir='ltr'><strong>Romanos</strong></span> <span class='ocrx_word' id='word_1_176' title='bbox 1190 2618 1308 2679; x_wconf 90' lang='lat' dir='ltr'><strong>quoque</strong></span> <span class='ocrx_word' id='word_1_177' title='bbox 1329 2598 1462 2661; x_wconf 87' lang='lat' dir='ltr'><strong>Plautus</strong></span> 
     </span>
     <span class='ocr_line' id='line_1_23' title="bbox 265 2698 1502 2778; baseline 0.002 -16"><span class='ocrx_word' id='word_1_178' title='bbox 265 2699 430 2762; x_wconf 90' lang='lat' dir='ltr'><strong>comoediae</strong></span> <span class='ocrx_word' id='word_1_179' title='bbox 444 2699 550 2762; x_wconf 90' lang='lat' dir='ltr'><strong>choros</strong></span> <span class='ocrx_word' id='word_1_180' title='bbox 572 2699 709 2778; x_wconf 84' lang='lat' dir='ltr'><strong>exemplo</strong></span> <span class='ocrx_word' id='word_1_181' title='bbox 731 2698 912 2763; x_wconf 84' lang='lat' dir='ltr'><strong>Graecorum</strong></span> <span class='ocrx_word' id='word_1_182' title='bbox 935 2701 1066 2764; x_wconf 85' lang='lat' dir='ltr'><strong>inseruit</strong></span> <span class='ocrx_word' id='word_1_183' title='bbox 1472 2715 1502 2765; x_wconf 74' lang='lat'><strong>20</strong></span> 
     </span>
    </p>

    <p class='ocr_par' dir='ltr' id='par_1_8' title="bbox 203 2757 1464 3085">
     <span class='ocr_line' id='line_1_24' title="bbox 203 2757 1464 2881; baseline -0.002 -16"><span class='ocrx_word' id='word_1_184' title='bbox 203 2806 230 2865; x_wconf 88' lang='lat'><strong>8.</strong></span> <span class='ocrx_word' id='word_1_185' title='bbox 263 2801 393 2864; x_wconf 93' lang='lat' dir='ltr'><strong>comoedi</strong></span> <span class='ocrx_word' id='word_1_186' title='bbox 415 2811 486 2863; x_wconf 91' lang='lat' dir='ltr'><strong>sunt</strong></span> <span class='ocrx_word' id='word_1_187' title='bbox 507 2802 558 2880; x_wconf 91' lang='lat' dir='ltr'><strong>qui</strong></span> <span class='ocrx_word' id='word_1_188' title='bbox 578 2802 759 2879; x_wconf 88' lang='lat' dir='ltr'><strong>privatorum</strong></span> <span class='ocrx_word' id='word_1_189' title='bbox 781 2802 935 2863; x_wconf 91' lang='lat' dir='ltr'><strong>hominum</strong></span> <span class='ocrx_word' id='word_1_190' title='bbox 956 2811 1022 2863; x_wconf 88' lang='lat' dir='ltr'><strong>acta</strong></span> <span class='ocrx_word' id='word_1_191' title='bbox 1036 2801 1121 2863; x_wconf 90' lang='lat' dir='ltr'><strong>dictis</strong></span> <span class='ocrx_word' id='word_1_192' title='bbox 1143 2810 1195 2863; x_wconf 92' lang='lat' dir='ltr'><strong>aut</strong></span> <span class='ocrx_word' id='word_1_193' title='bbox 1208 2810 1295 2881; x_wconf 87' lang='lat' dir='ltr'><strong>gestu</strong></span> <span class='ocrx_word' id='word_1_194' title='bbox 1308 2757 1464 2863; x_wconf 89' lang='lat' dir='ltr'><strong>canebant</strong></span> 
     </span>
     <span class='ocr_line' id='line_1_25' title="bbox 266 2903 1462 2985; baseline -0.001 -19"><span class='ocrx_word' id='word_1_195' title='bbox 266 2914 355 2985; x_wconf 89' lang='lat' dir='ltr'><strong>atque</strong></span> <span class='ocrx_word' id='word_1_196' title='bbox 388 2914 492 2983; x_wconf 90' lang='lat' dir='ltr'><strong>stupra</strong></span> <span class='ocrx_word' id='word_1_197' title='bbox 523 2905 672 2984; x_wconf 90' lang='lat' dir='ltr'><strong>virginum</strong></span> <span class='ocrx_word' id='word_1_198' title='bbox 705 2915 734 2966; x_wconf 92' lang='lat' dir='ltr'><strong>et</strong></span> <span class='ocrx_word' id='word_1_199' title='bbox 762 2925 875 2966; x_wconf 89' lang='lat' dir='ltr'><strong>amores</strong></span> <span class='ocrx_word' id='word_1_200' title='bbox 907 2905 1090 2966; x_wconf 87' lang='lat' dir='ltr'><strong>meretricum</strong></span> <span class='ocrx_word' id='word_1_201' title='bbox 1122 2903 1154 2962; x_wconf 92' lang='lat' dir='ltr'><strong>in</strong></span> <span class='ocrx_word' id='word_1_202' title='bbox 1187 2903 1248 2964; x_wconf 90' lang='lat' dir='ltr'><strong>suis</strong></span> <span class='ocrx_word' id='word_1_203' title='bbox 1276 2903 1389 2965; x_wconf 83' lang='lat' dir='ltr'><strong>fabulis</strong></span> <span class='ocrx_word' id='word_1_204' title='bbox 1412 2925 1462 2965; x_wconf 87' lang='lat' dir='ltr'><strong>ex·</strong></span> 
     </span>
     <span class='ocr_line' id='line_1_26' title="bbox 266 3006 440 3085; baseline 0.011 -17"><span class='ocrx_word' id='word_1_205' title='bbox 266 3006 440 3085; x_wconf 83' lang='lat' dir='ltr'><strong>primebant.</strong></span> 
     </span>
    </p>
   </div>
   <div class='ocr_carea' id='block_1_5' title="bbox 205 3176 1506 3495">
    <p class='ocr_par' dir='ltr' id='par_1_9' title="bbox 205 3176 1506 3495">
     <span class='ocr_line' id='line_1_27' title="bbox 813 3176 848 3237; baseline 0 0"><span class='ocrx_word' id='word_1_206' title='bbox 813 3176 848 3237; x_wconf 90' lang='grc' dir='ltr'><strong><em>Π</em></strong></span> 
     </span>
     <span class='ocr_line' id='line_1_28' title="bbox 205 3309 1464 3393; baseline -0.002 -17"><span class='ocrx_word' id='word_1_207' title='bbox 205 3317 232 3376; x_wconf 88' lang='grc'><strong>9.</strong></span> <span class='ocrx_word' id='word_1_208' title='bbox 266 3312 429 3393; x_wconf 87' lang='lat' dir='ltr'><strong>Tragoedia</strong></span> <span class='ocrx_word' id='word_1_209' title='bbox 450 3321 495 3374; x_wconf 88' lang='lat' dir='ltr'><strong>est</strong></span> <span class='ocrx_word' id='word_1_210' title='bbox 516 3331 591 3392; x_wconf 90' lang='lat' dir='ltr'><strong>quae</strong></span> <span class='ocrx_word' id='word_1_211' title='bbox 612 3332 659 3373; x_wconf 90' lang='lat' dir='ltr'><strong>res</strong></span> <span class='ocrx_word' id='word_1_212' title='bbox 681 3311 816 3390; x_wconf 89' lang='lat' dir='ltr'><strong>publicas</strong></span> <span class='ocrx_word' id='word_1_213' title='bbox 838 3311 1033 3389; x_wconf 86' lang='lat' dir='ltr'><strong>amplissimas</strong></span> <span class='ocrx_word' id='word_1_214' title='bbox 1058 3321 1089 3372; x_wconf 88' lang='lat' dir='ltr'><strong>et</strong></span> <span class='ocrx_word' id='word_1_215' title='bbox 1109 3331 1211 3391; x_wconf 87' lang='lat' dir='ltr'><strong>regum</strong></span> <span class='ocrx_word' id='word_1_216' title='bbox 1233 3309 1369 3373; x_wconf 86' lang='lat' dir='ltr'><strong>historias</strong></span> <span class='ocrx_word' id='word_1_217' title='bbox 1392 3331 1464 3373; x_wconf 91' lang='lat' dir='ltr'><strong>con·</strong></span> 
     </span>
     <span class='ocr_line' id='line_1_29' title="bbox 268 3413 1506 3495; baseline -0.002 -19"><span class='ocrx_word' id='word_1_218' title='bbox 268 3417 349 3477; x_wconf 87' lang='lat' dir='ltr'><strong>tinet</strong></span> <span class='ocrx_word' id='word_1_219' title='bbox 393 3413 573 3495; x_wconf 89' lang='lat' dir='ltr'><strong>tragoediam</strong></span> <span class='ocrx_word' id='word_1_220' title='bbox 594 3423 694 3475; x_wconf 92' lang='lat' dir='ltr'><strong>autem</strong></span> <span class='ocrx_word' id='word_1_221' title='bbox 714 3434 733 3474; x_wconf 94' lang='lat' dir='ltr'><strong>a</strong></span> <span class='ocrx_word' id='word_1_222' title='bbox 754 3414 943 3492; x_wconf 87' lang='lat' dir='ltr'><strong>Melpomene</strong></span> <span class='ocrx_word' id='word_1_223' title='bbox 958 3413 1050 3474; x_wconf 92' lang='lat' dir='ltr'><strong>Musa</strong></span> <span class='ocrx_word' id='word_1_224' title='bbox 1070 3422 1208 3474; x_wconf 90' lang='lat' dir='ltr'><strong>asserunt</strong></span> <span class='ocrx_word' id='word_1_225' title='bbox 1228 3423 1333 3490; x_wconf 89' lang='lat' dir='ltr'><strong>poetae</strong></span> <span class='ocrx_word' id='word_1_226' title='bbox 1355 3413 1461 3476; x_wconf 86' lang='lat' dir='ltr'><strong>inven·</strong></span> <span class='ocrx_word' id='word_1_227' title='bbox 1476 3430 1506 3480; x_wconf 76' lang='lat'><strong>25</strong></span> 
     </span>
    </p>
   </div>
   <div class='ocr_carea' id='block_1_6' title="bbox 204 3595 1467 4451">
    <p class='ocr_par' dir='ltr' id='par_1_10' title="bbox 204 3595 1467 4451">
     <span class='ocr_line' id='line_1_30' title="bbox 265 3595 1464 3668; baseline 0 -18"><span class='ocrx_word' id='word_1_228' title='bbox 265 3603 333 3651; x_wconf 86' lang='lat' dir='ltr'>XIII</span> <span class='ocrx_word' id='word_1_229' title='bbox 350 3598 452 3654; x_wconf 78' lang='lat' dir='ltr'><strong>Edidit</strong></span> <span class='ocrx_word' id='word_1_230' title='bbox 461 3598 525 3652; x_wconf 80' lang='lat' dir='ltr'><strong>baec</strong></span> <span class='ocrx_word' id='word_1_231' title='bbox 538 3596 639 3652; x_wconf 85' lang='lat' dir='ltr'><strong>Useuer</strong></span> <span class='ocrx_word' id='word_1_232' title='bbox 648 3597 721 3652; x_wconf 90' lang='lat' dir='ltr'><strong>Mus.</strong></span> <span class='ocrx_word' id='word_1_233' title='bbox 731 3597 818 3653; x_wconf 78' lang='lat' dir='ltr'><strong>Rhea.</strong></span> <span class='ocrx_word' id='word_1_234' title='bbox 829 3596 972 3652; x_wconf 85' lang='lat' dir='ltr'>XXVIII</span> <span class='ocrx_word' id='word_1_235' title='bbox 977 3599 1033 3651; x_wconf 74' lang='grc'><strong>418</strong></span> <span class='ocrx_word' id='word_1_236' title='bbox 1044 3597 1179 3652; x_wconf 78' lang='lat' dir='ltr'><strong>codicibus</strong></span> <span class='ocrx_word' id='word_1_237' title='bbox 1190 3613 1256 3651; x_wconf 86' lang='lat' dir='ltr'><strong>usus</strong></span> <span class='ocrx_word' id='word_1_238' title='bbox 1267 3595 1404 3651; x_wconf 83' lang='lat' dir='ltr'><strong>Berueusi</strong></span> <span class='ocrx_word' id='word_1_239' title='bbox 1411 3596 1464 3668; x_wconf 89' lang='lat' dir='ltr'><strong>(B)</strong></span> 
     </span>
     <span class='ocr_line' id='line_1_31' title="bbox 205 3681 1466 3753; baseline -0.002 -14"><span class='ocrx_word' id='word_1_240' title='bbox 205 3683 364 3739; x_wconf 83' lang='lat' dir='ltr'><strong>Mouaceusi</strong></span> <span class='ocrx_word' id='word_1_241' title='bbox 384 3683 444 3753; x_wconf 89' lang='lat' dir='ltr'><strong>(M)</strong></span> <span class='ocrx_word' id='word_1_242' title='bbox 464 3682 637 3752; x_wconf 76' lang='lat' dir='ltr'><strong>Saupalleasi</strong></span> <span class='ocrx_word' id='word_1_243' title='bbox 655 3681 715 3752; x_wconf 84' lang='grc' dir='ltr'><em>(Θ),</em></span> <span class='ocrx_word' id='word_1_244' title='bbox 741 3700 754 3737; x_wconf 89' lang='lat' dir='ltr'><strong>e</strong></span> <span class='ocrx_word' id='word_1_245' title='bbox 773 3682 870 3751; x_wconf 78' lang='lat' dir='ltr'><strong>quibiis</strong></span> <span class='ocrx_word' id='word_1_246' title='bbox 882 3698 975 3751; x_wconf 83' lang='lat' dir='ltr'><strong>pauca</strong></span> <span class='ocrx_word' id='word_1_247' title='bbox 992 3682 1104 3737; x_wconf 69' lang='lat' dir='ltr'><strong>euombo</strong></span> <span class='ocrx_word' id='word_1_248' title='bbox 1123 3681 1336 3753; x_wconf 67' lang='lat' dir='ltr'><strong>orthographiae</strong></span> <span class='ocrx_word' id='word_1_249' title='bbox 1354 3681 1466 3737; x_wconf 63' lang='lat' dir='ltr'><strong>amasis</strong></span> 
     </span>
     <span class='ocr_line' id='line_1_32' title="bbox 265 3770 1466 3855; baseline 0.002 -17"><span class='ocrx_word' id='word_1_250' title='bbox 265 3790 278 3838; x_wconf 92' lang='lat'>1</span> <span class='ocrx_word' id='word_1_251' title='bbox 296 3791 312 3841; x_wconf 87' lang='grc'>3</span> <span class='ocrx_word' id='word_1_252' title='bbox 329 3787 361 3840; x_wconf 86' lang='lat' dir='ltr'><strong>iu</strong></span> <span class='ocrx_word' id='word_1_253' title='bbox 376 3802 429 3855; x_wconf 76' lang='lat' dir='ltr'><strong>ray.</strong></span> <span class='ocrx_word' id='word_1_254' title='bbox 448 3770 574 3839; x_wconf 61' lang='lat' dir='ltr'><strong>esino}</strong></span> <span class='ocrx_word' id='word_1_255' title='bbox 589 3783 618 3838; x_wconf 92' lang='grc' dir='ltr'><em>Β</em></span> <span class='ocrx_word' id='word_1_256' title='bbox 649 3774 678 3838; x_wconf 79' lang='lat' dir='ltr'><strong>ts&#39;</strong></span> <span class='ocrx_word' id='word_1_257' title='bbox 693 3785 730 3840; x_wconf 97' lang='lat' dir='ltr'><strong><em>M</em></strong></span> <span class='ocrx_word' id='word_1_258' title='bbox 744 3801 796 3840; x_wconf 85' lang='lat' dir='ltr'><strong>ora.</strong></span> <span class='ocrx_word' id='word_1_259' title='bbox 811 3782 837 3838; x_wconf 88' lang='grc' dir='ltr'><em>Θ</em></span> <span class='ocrx_word' id='word_1_260' title='bbox 854 3782 912 3852; x_wconf 79' lang='lat' dir='ltr'><strong>‘pro</strong></span> <span class='ocrx_word' id='word_1_261' title='bbox 930 3782 1039 3839; x_wconf 81' lang='lat' dir='ltr'><strong>Isidoro</strong></span> <span class='ocrx_word' id='word_1_262' title='bbox 1051 3785 1182 3841; x_wconf 84' lang='lat' dir='ltr'><strong>Placidus</strong></span> <span class='ocrx_word' id='word_1_263' title='bbox 1199 3783 1386 3839; x_wconf 84' lang='lat' dir='ltr'><strong>uomiuaudus</strong></span> <span class='ocrx_word' id='word_1_264' title='bbox 1402 3789 1466 3840; x_wconf 84' lang='lat' dir='ltr'><strong>erat</strong></span> 
     </span>
     <span class='ocr_line' id='line_1_33' title="bbox 206 3868 1465 3939; baseline -0.006 -11"><span class='ocrx_word' id='word_1_265' title='bbox 206 3871 310 3927; x_wconf 82' lang='lat' dir='ltr'><strong>auctor&#39;</strong></span> <span class='ocrx_word' id='word_1_266' title='bbox 329 3870 435 3939; x_wconf 73' lang='lat' dir='ltr'><strong>Usener,</strong></span> <span class='ocrx_word' id='word_1_267' title='bbox 454 3869 625 3938; x_wconf 73' lang='lat' dir='ltr'><strong>Isidore,</strong></span> <span class='ocrx_word' id='word_1_268' title='bbox 644 3872 661 3925; x_wconf 84' lang='lat'><em>7</em></span> <span class='ocrx_word' id='word_1_269' title='bbox 714 3873 825 3923; x_wconf 79' lang='lat' dir='ltr'><strong>etalem</strong></span> <span class='ocrx_word' id='word_1_270' title='bbox 844 3868 909 3922; x_wconf 89' lang='lat' dir='ltr'><strong>BM</strong></span> <span class='ocrx_word' id='word_1_271' title='bbox 959 3876 1057 3936; x_wconf 83' lang='lat' dir='ltr'><strong>Iquos</strong></span> <span class='ocrx_word' id='word_1_272' title='bbox 1074 3869 1145 3925; x_wconf 76' lang='lat' dir='ltr'><strong>BG:</strong></span> <span class='ocrx_word' id='word_1_273' title='bbox 1167 3888 1232 3936; x_wconf 89' lang='lat' dir='ltr'><strong>quas</strong></span> <span class='ocrx_word' id='word_1_274' title='bbox 1249 3868 1287 3927; x_wconf 85' lang='lat' dir='ltr'><strong><em>M</em></strong></span> <span class='ocrx_word' id='word_1_275' title='bbox 1336 3875 1352 3924; x_wconf 83' lang='lat'>9</span> <span class='ocrx_word' id='word_1_276' title='bbox 1371 3873 1417 3922; x_wconf 86' lang='lat' dir='ltr'><strong>sed</strong></span> <span class='ocrx_word' id='word_1_277' title='bbox 1429 3903 1465 3911; x_wconf 93' lang='lat'>—</span> 
     </span>
     <span class='ocr_line' id='line_1_34' title="bbox 207 3949 1466 4023; baseline -0.002 -11"><span class='ocrx_word' id='word_1_278' title='bbox 207 3964 237 4012; x_wconf 80' lang='lat'><strong>17</strong></span> <span class='ocrx_word' id='word_1_279' title='bbox 250 3961 346 4009; x_wconf 85' lang='lat' dir='ltr'><strong>Romae</strong></span> <span class='ocrx_word' id='word_1_280' title='bbox 358 3973 408 4010; x_wconf 82' lang='lat' dir='ltr'><strong>ora.</strong></span> <span class='ocrx_word' id='word_1_281' title='bbox 422 3955 459 4009; x_wconf 88' lang='grc' dir='ltr'><strong>Μ</strong></span> <span class='ocrx_word' id='word_1_282' title='bbox 508 3962 541 4010; x_wconf 91' lang='grc'><strong>10</strong></span> <span class='ocrx_word' id='word_1_283' title='bbox 558 3959 671 4023; x_wconf 84' lang='lat' dir='ltr'><strong>priveles</strong></span> <span class='ocrx_word' id='word_1_284' title='bbox 692 3954 719 4009; x_wconf 94' lang='grc' dir='ltr'><em>Θ</em></span> <span class='ocrx_word' id='word_1_285' title='bbox 771 3959 802 4008; x_wconf 84' lang='grc'><strong>12</strong></span> <span class='ocrx_word' id='word_1_286' title='bbox 819 3957 957 4007; x_wconf 87' lang='lat' dir='ltr'><strong>betabatur</strong></span> <span class='ocrx_word' id='word_1_287' title='bbox 969 3954 1027 4010; x_wconf 98' lang='grc' dir='ltr'><strong>ΒΘ</strong></span> <span class='ocrx_word' id='word_1_288' title='bbox 1043 3954 1099 4009; x_wconf 90' lang='lat' dir='ltr'><strong>‘nec</strong></span> <span class='ocrx_word' id='word_1_289' title='bbox 1111 3959 1247 4010; x_wconf 84' lang='lat' dir='ltr'><strong>vetabatur</strong></span> <span class='ocrx_word' id='word_1_290' title='bbox 1259 3949 1306 4007; x_wconf 83' lang='lat' dir='ltr'><strong>eis&#39;</strong></span> <span class='ocrx_word' id='word_1_291' title='bbox 1326 3953 1397 4009; x_wconf 80' lang='lat' dir='ltr'><strong>Isid.</strong></span> <span class='ocrx_word' id='word_1_292' title='bbox 1409 3957 1435 4023; x_wconf 83' lang='lat'><strong>8,</strong></span> <span class='ocrx_word' id='word_1_293' title='bbox 1451 3959 1466 4010; x_wconf 80' lang='grc'><em>7</em></span> 
     </span>
     <span class='ocr_line' id='line_1_35' title="bbox 257 4038 1417 4095; baseline 0.001 -1"><span class='ocrx_word' id='word_1_294' title='bbox 257 4045 401 4095; x_wconf 85' lang='lat' dir='ltr'><strong>describere</strong></span> <span class='ocrx_word' id='word_1_295' title='bbox 419 4041 495 4095; x_wconf 85' lang='lat' dir='ltr'><strong>Isid:</strong></span> <span class='ocrx_word' id='word_1_296' title='bbox 516 4045 664 4094; x_wconf 78' lang='lat' dir='ltr'><strong>discrimIne</strong></span> <span class='ocrx_word' id='word_1_297' title='bbox 676 4039 735 4094; x_wconf 93' lang='grc' dir='ltr'><strong>ΒΘ</strong></span> <span class='ocrx_word' id='word_1_298' title='bbox 786 4043 894 4093; x_wconf 88' lang='lat' dir='ltr'><strong>cuilibet</strong></span> <span class='ocrx_word' id='word_1_299' title='bbox 910 4038 981 4094; x_wconf 80' lang='lat' dir='ltr'><strong>BG:</strong></span> <span class='ocrx_word' id='word_1_300' title='bbox 1000 4056 1066 4094; x_wconf 84' lang='lat' dir='ltr'><strong>corr.</strong></span> <span class='ocrx_word' id='word_1_301' title='bbox 1079 4039 1149 4095; x_wconf 82' lang='lat' dir='ltr'><strong>Isid.</strong></span> <span class='ocrx_word' id='word_1_302' title='bbox 1202 4044 1234 4094; x_wconf 87' lang='grc'><strong>13</strong></span> <span class='ocrx_word' id='word_1_303' title='bbox 1251 4044 1340 4093; x_wconf 88' lang='lat' dir='ltr'><strong>aorion</strong></span> <span class='ocrx_word' id='word_1_304' title='bbox 1358 4039 1417 4095; x_wconf 92' lang='grc' dir='ltr'><strong>ΒΘ</strong></span> 
     </span>
     <span class='ocr_line' id='line_1_36' title="bbox 207 4124 1464 4196; baseline -0.001 -15"><span class='ocrx_word' id='word_1_305' title='bbox 207 4133 239 4181; x_wconf 88' lang='lat'><strong>14</strong></span> <span class='ocrx_word' id='word_1_306' title='bbox 256 4146 307 4179; x_wconf 92' lang='lat' dir='ltr'><strong>non</strong></span> <span class='ocrx_word' id='word_1_307' title='bbox 324 4126 414 4196; x_wconf 80' lang='lat' dir='ltr'><strong>suppl.</strong></span> <span class='ocrx_word' id='word_1_308' title='bbox 432 4125 532 4181; x_wconf 73' lang='lat' dir='ltr'><strong>Usener</strong></span> <span class='ocrx_word' id='word_1_309' title='bbox 602 4131 634 4180; x_wconf 82' lang='lat'><strong>15</strong></span> <span class='ocrx_word' id='word_1_310' title='bbox 653 4129 767 4192; x_wconf 81' lang='lat' dir='ltr'><strong>singulos</strong></span> <span class='ocrx_word' id='word_1_311' title='bbox 784 4144 875 4178; x_wconf 86' lang='lat' dir='ltr'><strong>versus</strong></span> <span class='ocrx_word' id='word_1_312' title='bbox 893 4131 989 4189; x_wconf 86' lang='lat' dir='ltr'><strong>(versos</strong></span> <span class='ocrx_word' id='word_1_313' title='bbox 1006 4125 1041 4194; x_wconf 92' lang='grc' dir='ltr'><strong>Β,</strong></span> <span class='ocrx_word' id='word_1_314' title='bbox 1056 4141 1102 4194; x_wconf 76' lang='lat' dir='ltr'><strong>pr.</strong></span> <span class='ocrx_word' id='word_1_315' title='bbox 1123 4124 1158 4191; x_wconf 84' lang='grc' dir='ltr'><strong>Θ)</strong></span> <span class='ocrx_word' id='word_1_316' title='bbox 1176 4129 1286 4178; x_wconf 90' lang='lat' dir='ltr'><strong>tricenos</strong></span> <span class='ocrx_word' id='word_1_317' title='bbox 1303 4124 1374 4180; x_wconf 76' lang='grc' dir='ltr'><strong>ΒΘε</strong></span> <span class='ocrx_word' id='word_1_318' title='bbox 1393 4141 1464 4180; x_wconf 75' lang='lat' dir='ltr'><strong>corr.</strong></span> 
     </span>
     <span class='ocr_line' id='line_1_37' title="bbox 205 4209 1466 4279; baseline 0.001 -14"><span class='ocrx_word' id='word_1_319' title='bbox 205 4211 278 4266; x_wconf 81' lang='lat' dir='ltr'><strong>idem</strong></span> <span class='ocrx_word' id='word_1_320' title='bbox 331 4218 363 4266; x_wconf 88' lang='lat'><strong>16</strong></span> <span class='ocrx_word' id='word_1_321' title='bbox 381 4215 517 4264; x_wconf 86' lang='lat' dir='ltr'><strong>imitabant</strong></span> <span class='ocrx_word' id='word_1_322' title='bbox 533 4210 591 4266; x_wconf 92' lang='grc' dir='ltr'><strong>ΒΘ</strong></span> <span class='ocrx_word' id='word_1_323' title='bbox 644 4216 675 4265; x_wconf 86' lang='grc'><strong>19</strong></span> <span class='ocrx_word' id='word_1_324' title='bbox 693 4215 816 4264; x_wconf 83' lang='lat' dir='ltr'><strong>infolatus</strong></span> <span class='ocrx_word' id='word_1_325' title='bbox 833 4210 869 4276; x_wconf 98' lang='grc' dir='ltr'><strong>Β,</strong></span> <span class='ocrx_word' id='word_1_326' title='bbox 896 4215 1023 4265; x_wconf 89' lang='lat' dir='ltr'><strong>incolatus</strong></span> <span class='ocrx_word' id='word_1_327' title='bbox 1043 4210 1115 4278; x_wconf 88' lang='grc' dir='ltr'><strong>ΘΜ,</strong></span> <span class='ocrx_word' id='word_1_328' title='bbox 1133 4210 1168 4279; x_wconf 80' lang='lat' dir='ltr'><strong>cs.</strong></span> <span class='ocrx_word' id='word_1_329' title='bbox 1185 4227 1210 4264; x_wconf 84' lang='lat' dir='ltr'><strong>u.</strong></span> <span class='ocrx_word' id='word_1_330' title='bbox 1220 4212 1259 4265; x_wconf 85' lang='lat'><strong>32</strong></span> <span class='ocrx_word' id='word_1_331' title='bbox 1277 4213 1303 4266; x_wconf 81' lang='lat' dir='ltr'><strong>ei</strong></span> <span class='ocrx_word' id='word_1_332' title='bbox 1321 4209 1466 4266; x_wconf 79' lang='lat' dir='ltr'><strong>Charisius</strong></span> 
     </span>
     <span class='ocr_line' id='line_1_38' title="bbox 204 4290 1467 4366; baseline 0 -16"><span class='ocrx_word' id='word_1_333' title='bbox 204 4313 232 4366; x_wconf 83' lang='lat' dir='ltr'><strong>p.</strong></span> <span class='ocrx_word' id='word_1_334' title='bbox 243 4299 302 4363; x_wconf 80' lang='lat'><strong><em>127,</em></strong></span> <span class='ocrx_word' id='word_1_335' title='bbox 313 4299 350 4350; x_wconf 86' lang='lat'><strong>12</strong></span> <span class='ocrx_word' id='word_1_336' title='bbox 367 4295 518 4352; x_wconf 80' lang='lat' dir='ltr'><strong>Bibaculus</strong></span> <span class='ocrx_word' id='word_1_337' title='bbox 531 4292 651 4364; x_wconf 71' lang='lat' dir='ltr'><strong>‘duplici</strong></span> <span class='ocrx_word' id='word_1_338' title='bbox 669 4294 765 4364; x_wconf 86' lang='lat' dir='ltr'><strong>iuquit,</strong></span> <span class='ocrx_word' id='word_1_339' title='bbox 785 4303 844 4362; x_wconf 78' lang='lat' dir='ltr'><strong>toga</strong></span> <span class='ocrx_word' id='word_1_340' title='bbox 860 4290 1008 4349; x_wconf 85' lang='lat' dir='ltr'><strong>Involutus‘</strong></span> <span class='ocrx_word' id='word_1_341' title='bbox 1060 4301 1162 4350; x_wconf 81' lang='lat'><strong>21—23</strong></span> <span class='ocrx_word' id='word_1_342' title='bbox 1180 4296 1273 4350; x_wconf 84' lang='lat' dir='ltr'><strong>eadem</strong></span> <span class='ocrx_word' id='word_1_343' title='bbox 1285 4294 1355 4351; x_wconf 86' lang='lat' dir='ltr'><strong>Isid.</strong></span> <span class='ocrx_word' id='word_1_344' title='bbox 1367 4297 1412 4364; x_wconf 84' lang='lat'><strong>18,</strong></span> <span class='ocrx_word' id='word_1_345' title='bbox 1426 4297 1467 4350; x_wconf 78' lang='lat'><strong>46</strong></span> 
     </span>
     <span class='ocr_line' id='line_1_39' title="bbox 267 4380 1142 4451; baseline 0.003 -19"><span class='ocrx_word' id='word_1_346' title='bbox 267 4385 294 4432; x_wconf 92' lang='lat' dir='ltr'><strong>II</strong></span> <span class='ocrx_word' id='word_1_347' title='bbox 320 4382 485 4436; x_wconf 78' lang='lat' dir='ltr'><strong>eradicitus</strong></span> <span class='ocrx_word' id='word_1_348' title='bbox 506 4381 578 4449; x_wconf 75' lang='lat' dir='ltr'><strong>GM,</strong></span> <span class='ocrx_word' id='word_1_349' title='bbox 600 4381 655 4436; x_wconf 89' lang='lat' dir='ltr'><strong>uisi</strong></span> <span class='ocrx_word' id='word_1_350' title='bbox 673 4381 745 4450; x_wconf 85' lang='lat' dir='ltr'><strong>quod</strong></span> <span class='ocrx_word' id='word_1_351' title='bbox 761 4380 781 4451; x_wconf 66' lang='grc' dir='ltr'><em>ἕ</em></span> <span class='ocrx_word' id='word_1_352' title='bbox 795 4382 926 4436; x_wconf 76' lang='lat'><strong>9.10.12</strong></span> <span class='ocrx_word' id='word_1_353' title='bbox 944 4381 1042 4436; x_wconf 85' lang='lat' dir='ltr'><strong>desuat</strong></span> <span class='ocrx_word' id='word_1_354' title='bbox 1056 4381 1088 4435; x_wconf 85' lang='lat' dir='ltr'><strong>ia</strong></span> <span class='ocrx_word' id='word_1_355' title='bbox 1105 4381 1142 4436; x_wconf 88' lang='grc' dir='ltr'><em>Μ</em></span> 
     </span>
    </p>
   </div>
   <div class='ocr_carea' id='block_1_7' title="bbox 0 0 1594 5018">
    <p class='ocr_par' dir='ltr' id='par_1_11' title="bbox 0 0 1594 5018">
     <span class='ocr_line' id='line_1_40' title="bbox 0 0 1594 5018; baseline 0 0"><span class='ocrx_word' id='word_1_356' title='bbox 0 0 1594 5018; x_wconf 95' lang='lat' dir='ltr'><strong> </strong></span> 
     </span>
    </p>
   </div>
  </div>
 </body>
</html>
