<?xml version="1.0" encoding="UTF-8"?>
<!DOCTYPE html PUBLIC "-//W3C//DTD XHTML 1.0 Transitional//EN"
    "http://www.w3.org/TR/xhtml1/DTD/xhtml1-transitional.dtd">
<html xmlns="http://www.w3.org/1999/xhtml" xml:lang="en" lang="en">
 <head>
  <title>
</title>
<meta http-equiv="Content-Type" content="text/html;charset=utf-8" />
  <meta name='ocr-system' content='tesseract 3.04.00' />
  <meta name='ocr-capabilities' content='ocr_page ocr_carea ocr_par ocr_line ocrx_word'/>
</head>
<body>
  <div class='ocr_page' id='page_1' title='image "./comicorvmgraeco00kaibgoog_0193.png"; bbox 0 0 3150 5018; ppageno 0'>
   <div class='ocr_carea' id='block_1_1' title="bbox 801 261 885 317">
    <p class='ocr_par' dir='ltr' id='par_1_1' title="bbox 801 261 885 317">
     <span class='ocr_line' id='line_1_1' title="bbox 801 261 885 317; baseline 0.024 -3"><span class='ocrx_word' id='word_1_1' title='bbox 801 261 885 317; x_wconf 82' lang='lat' dir='ltr'><strong>llllll</strong></span> 
     </span>
    </p>
   </div>
   <div class='ocr_carea' id='block_1_2' title="bbox 301 432 1392 741">
    <p class='ocr_par' dir='ltr' id='par_1_2' title="bbox 301 432 1392 741">
     <span class='ocr_line' id='line_1_2' title="bbox 668 432 1012 513; baseline -0.003 -16"><span class='ocrx_word' id='word_1_2' title='bbox 668 437 708 497; x_wconf 82' lang='grc'><em>94</em></span> <span class='ocrx_word' id='word_1_3' title='bbox 732 438 785 513; x_wconf 82' lang='grc'><em>(84</em></span> <span class='ocrx_word' id='word_1_4' title='bbox 799 432 877 494; x_wconf 82' lang='lat' dir='ltr'><strong>Ahr.</strong></span> <span class='ocrx_word' id='word_1_5' title='bbox 901 436 941 496; x_wconf 84' lang='lat'><em>95</em></span> <span class='ocrx_word' id='word_1_6' title='bbox 957 434 1012 510; x_wconf 86' lang='lat' dir='ltr'><em>Bo)</em></span> 
     </span>
     <span class='ocr_line' id='line_1_3' title="bbox 617 549 1061 633; baseline -0.005 -15"><span class='ocrx_word' id='word_1_7' title='bbox 617 561 688 631; x_wconf 79' lang='grc' dir='ltr'><em>πῶς</em></span> <span class='ocrx_word' id='word_1_8' title='bbox 708 571 750 633; x_wconf 83' lang='grc' dir='ltr'><em>ψε</em></span> <span class='ocrx_word' id='word_1_9' title='bbox 771 558 825 617; x_wconf 84' lang='grc' dir='ltr'><em>καλ</em></span> <span class='ocrx_word' id='word_1_10' title='bbox 847 549 1061 633; x_wconf 84' lang='grc' dir='ltr'><em>γινώσκομες;</em></span> 
     </span>
     <span class='ocr_line' id='line_1_4' title="bbox 301 657 1392 741; baseline -0.004 -16"><span class='ocrx_word' id='word_1_11' title='bbox 301 670 396 739; x_wconf 87' lang='lat' dir='ltr'><strong>Apoll.</strong></span> <span class='ocrx_word' id='word_1_12' title='bbox 415 671 450 726; x_wconf 84' lang='lat' dir='ltr'><em>de</em></span> <span class='ocrx_word' id='word_1_13' title='bbox 467 686 546 741; x_wconf 86' lang='lat' dir='ltr'><strong>pron.</strong></span> <span class='ocrx_word' id='word_1_14' title='bbox 563 685 591 740; x_wconf 88' lang='lat' dir='ltr'><em>p.</em></span> <span class='ocrx_word' id='word_1_15' title='bbox 606 669 682 724; x_wconf 73' lang='lat'><strong>1289</strong></span> <span class='ocrx_word' id='word_1_16' title='bbox 701 667 740 739; x_wconf 76' lang='grc' dir='ltr'><em>ψὲ</em></span> <span class='ocrx_word' id='word_1_17' title='bbox 758 664 960 741; x_wconf 75' lang='grc' dir='ltr'><em>Συρακσῦσιοι.</em></span> <span class='ocrx_word' id='word_1_18' title='bbox 996 671 1031 724; x_wconf 84' lang='grc' dir='ltr'><em>Σ.</em></span> <span class='ocrx_word' id='word_1_19' title='bbox 1048 661 1124 734; x_wconf 72' lang='grc' dir='ltr'><em>ιτιώς</em></span> <span class='ocrx_word' id='word_1_20' title='bbox 1141 705 1167 722; x_wconf 83' lang='grc'><em>..</em></span> <span class='ocrx_word' id='word_1_21' title='bbox 1185 657 1392 740; x_wconf 73' lang='grc' dir='ltr'><em>γινώσκομεν’.</em></span> 
     </span>
    </p>
   </div>
   <div class='ocr_carea' id='block_1_3' title="bbox 668 823 1010 903">
    <p class='ocr_par' dir='ltr' id='par_1_3' title="bbox 668 823 1010 903">
     <span class='ocr_line' id='line_1_5' title="bbox 668 823 1010 903; baseline -0.009 -15"><span class='ocrx_word' id='word_1_22' title='bbox 668 828 707 888; x_wconf 86' lang='lat'><em>95</em></span> <span class='ocrx_word' id='word_1_23' title='bbox 732 828 784 903; x_wconf 87' lang='lat'><em>(85</em></span> <span class='ocrx_word' id='word_1_24' title='bbox 799 823 874 888; x_wconf 76' lang='lat' dir='ltr'><em>Aer.</em></span> <span class='ocrx_word' id='word_1_25' title='bbox 898 828 939 888; x_wconf 83' lang='grc'><em>99</em></span> <span class='ocrx_word' id='word_1_26' title='bbox 954 826 1010 901; x_wconf 90' lang='lat' dir='ltr'><em>Bo)</em></span> 
     </span>
    </p>
   </div>
   <div class='ocr_carea' id='block_1_4' title="bbox 608 940 1071 1023">
    <p class='ocr_par' dir='ltr' id='par_1_4' title="bbox 608 940 1071 1023">
     <span class='ocr_line' id='line_1_6' title="bbox 608 940 1071 1023; baseline -0.002 -14"><span class='ocrx_word' id='word_1_27' title='bbox 608 951 657 1021; x_wconf 79' lang='grc' dir='ltr'><em>τίς</em></span> <span class='ocrx_word' id='word_1_28' title='bbox 678 968 733 1022; x_wconf 91' lang='grc' dir='ltr'><em>μοι</em></span> <span class='ocrx_word' id='word_1_29' title='bbox 756 940 795 1008; x_wconf 81' lang='grc' dir='ltr'><em>τὰ</em></span> <span class='ocrx_word' id='word_1_30' title='bbox 818 951 894 1008; x_wconf 88' lang='grc' dir='ltr'><em>λᾶια</em></span> <span class='ocrx_word' id='word_1_31' title='bbox 916 945 1071 1023; x_wconf 85' lang='grc' dir='ltr'><em>ἐκτίλλει;</em></span> 
     </span>
    </p>
   </div>
   <div class='ocr_carea' id='block_1_5' title="bbox 214 1046 1473 1217">
    <p class='ocr_par' dir='ltr' id='par_1_5' title="bbox 214 1046 1473 1217">
     <span class='ocr_line' id='line_1_7' title="bbox 298 1046 1473 1131; baseline -0.002 -17"><span class='ocrx_word' id='word_1_32' title='bbox 298 1060 394 1128; x_wconf 86' lang='lat' dir='ltr'><strong>Apoll.</strong></span> <span class='ocrx_word' id='word_1_33' title='bbox 413 1061 448 1115; x_wconf 88' lang='lat' dir='ltr'><em>de</em></span> <span class='ocrx_word' id='word_1_34' title='bbox 466 1060 531 1115; x_wconf 77' lang='lat' dir='ltr'><strong>adv.</strong></span> <span class='ocrx_word' id='word_1_35' title='bbox 547 1077 574 1130; x_wconf 87' lang='lat' dir='ltr'><em>p.</em></span> <span class='ocrx_word' id='word_1_36' title='bbox 597 1062 691 1126; x_wconf 78' lang='grc'>667,9</span> <span class='ocrx_word' id='word_1_37' title='bbox 716 1055 806 1131; x_wconf 72' lang='grc' dir='ltr'><em>λήιος,</em></span> <span class='ocrx_word' id='word_1_38' title='bbox 828 1050 883 1129; x_wconf 79' lang='grc' dir='ltr'><em>ἀφ’</em></span> <span class='ocrx_word' id='word_1_39' title='bbox 902 1046 937 1116; x_wconf 73' lang='grc' dir='ltr'><em>οὗ</em></span> <span class='ocrx_word' id='word_1_40' title='bbox 959 1053 1040 1124; x_wconf 85' lang='grc' dir='ltr'><em>λάισς</em></span> <span class='ocrx_word' id='word_1_41' title='bbox 1062 1061 1111 1115; x_wconf 85' lang='grc' dir='ltr'><em>καλ</em></span> <span class='ocrx_word' id='word_1_42' title='bbox 1132 1056 1217 1116; x_wconf 88' lang='grc' dir='ltr'><em>λάιον</em></span> <span class='ocrx_word' id='word_1_43' title='bbox 1238 1061 1288 1114; x_wconf 81' lang='grc' dir='ltr'><em>καὶ</em></span> <span class='ocrx_word' id='word_1_44' title='bbox 1319 1052 1403 1123; x_wconf 82' lang='grc' dir='ltr'><em>λάια,</em></span> <span class='ocrx_word' id='word_1_45' title='bbox 1427 1059 1473 1113; x_wconf 82' lang='grc' dir='ltr'><em>καὶ</em></span> 
     </span>
     <span class='ocr_line' id='line_1_8' title="bbox 214 1135 1472 1217; baseline -0.002 -18"><span class='ocrx_word' id='word_1_46' title='bbox 214 1141 248 1199; x_wconf 84' lang='grc' dir='ltr'><em>ἐν</em></span> <span class='ocrx_word' id='word_1_47' title='bbox 259 1145 417 1217; x_wconf 82' lang='grc' dir='ltr'><em>συναιρέσει</em></span> <span class='ocrx_word' id='word_1_48' title='bbox 437 1142 522 1203; x_wconf 78' lang='grc' dir='ltr'><em>πάλιν</em></span> <span class='ocrx_word' id='word_1_49' title='bbox 533 1149 618 1203; x_wconf 81' lang='grc' dir='ltr'><em>τοῠᾶ</em></span> <span class='ocrx_word' id='word_1_50' title='bbox 635 1148 712 1202; x_wconf 81' lang='grc' dir='ltr'><em>λᾰια.</em></span> <span class='ocrx_word' id='word_1_51' title='bbox 738 1139 795 1210; x_wconf 67' lang='grc' dir='ltr'><em>ιτ’ίς</em></span> <span class='ocrx_word' id='word_1_52' title='bbox 807 1184 814 1198; x_wconf 87' lang='grc'><strong>.</strong></span> <span class='ocrx_word' id='word_1_53' title='bbox 827 1183 834 1198; x_wconf 89' lang='grc'><strong>.</strong></span> <span class='ocrx_word' id='word_1_54' title='bbox 847 1135 916 1200; x_wconf 71' lang='grc' dir='ltr'><em>ἐντ’</em></span> <span class='ocrx_word' id='word_1_55' title='bbox 934 1139 1079 1215; x_wconf 84' lang='grc' dir='ltr'><em>Σώφρων,</em></span> <span class='ocrx_word' id='word_1_56' title='bbox 1095 1145 1144 1200; x_wconf 83' lang='grc' dir='ltr'><em>καλ</em></span> <span class='ocrx_word' id='word_1_57' title='bbox 1157 1140 1210 1199; x_wconf 79' lang='grc' dir='ltr'><em>οὖν</em></span> <span class='ocrx_word' id='word_1_58' title='bbox 1221 1145 1274 1198; x_wconf 78' lang='grc' dir='ltr'><em>τῶι</em></span> <span class='ocrx_word' id='word_1_59' title='bbox 1292 1155 1304 1196; x_wconf 87' lang='grc' dir='ltr'><em>ῑ</em></span> <span class='ocrx_word' id='word_1_60' title='bbox 1320 1137 1472 1214; x_wconf 76' lang='grc' dir='ltr'><em>γράφεται.</em></span> 
     </span>
    </p>
   </div>
   <div class='ocr_carea' id='block_1_6' title="bbox 642 1300 1046 1379">
    <p class='ocr_par' dir='ltr' id='par_1_6' title="bbox 642 1300 1046 1379">
     <span class='ocr_line' id='line_1_9' title="bbox 642 1300 1046 1379; baseline -0.01 -13"><span class='ocrx_word' id='word_1_61' title='bbox 642 1305 707 1366; x_wconf 86' lang='lat'><em>*96</em></span> <span class='ocrx_word' id='word_1_62' title='bbox 731 1300 889 1379; x_wconf 67' lang='lat' dir='ltr'><strong>(eninr.</strong></span> <span class='ocrx_word' id='word_1_63' title='bbox 915 1302 1046 1377; x_wconf 79' lang='lat'>157130)</span> 
     </span>
    </p>
   </div>
   <div class='ocr_carea' id='block_1_7' title="bbox 211 1412 1472 1946">
    <p class='ocr_par' dir='ltr' id='par_1_7' title="bbox 673 1412 1004 1502">
     <span class='ocr_line' id='line_1_10' title="bbox 673 1412 1004 1502; baseline -0.003 -16"><span class='ocrx_word' id='word_1_64' title='bbox 673 1419 748 1486; x_wconf 66' lang='grc' dir='ltr'><em>οὐδ’</em></span> <span class='ocrx_word' id='word_1_65' title='bbox 769 1417 861 1498; x_wconf 76' lang='grc' dir='ltr'><em>ὅπως</em></span> <span class='ocrx_word' id='word_1_66' title='bbox 883 1412 1004 1502; x_wconf 70' lang='grc' dir='ltr'><em>ἄριστα.</em></span> 
     </span>
    </p>

    <p class='ocr_par' dir='ltr' id='par_1_8' title="bbox 211 1526 1472 1863">
     <span class='ocr_line' id='line_1_11' title="bbox 298 1526 1472 1606; baseline -0.003 -15"><span class='ocrx_word' id='word_1_67' title='bbox 298 1537 394 1605; x_wconf 85' lang='lat' dir='ltr'><strong>Apoll.</strong></span> <span class='ocrx_word' id='word_1_68' title='bbox 411 1537 448 1591; x_wconf 88' lang='lat' dir='ltr'><em>de</em></span> <span class='ocrx_word' id='word_1_69' title='bbox 465 1537 529 1592; x_wconf 82' lang='lat' dir='ltr'><strong>adv.</strong></span> <span class='ocrx_word' id='word_1_70' title='bbox 546 1553 574 1606; x_wconf 89' lang='lat' dir='ltr'><em>p.</em></span> <span class='ocrx_word' id='word_1_71' title='bbox 587 1539 646 1603; x_wconf 85' lang='lat'>584,</span> <span class='ocrx_word' id='word_1_72' title='bbox 659 1540 691 1590; x_wconf 82' lang='lat'><em>20</em></span> <span class='ocrx_word' id='word_1_73' title='bbox 715 1526 787 1593; x_wconf 72' lang='grc' dir='ltr'><em>ὅθεν</em></span> <span class='ocrx_word' id='word_1_74' title='bbox 813 1541 893 1593; x_wconf 85' lang='grc' dir='ltr'><em>δοκεῖ</em></span> <span class='ocrx_word' id='word_1_75' title='bbox 914 1555 965 1606; x_wconf 89' lang='grc' dir='ltr'><em>μοι</em></span> <span class='ocrx_word' id='word_1_76' title='bbox 990 1537 1039 1591; x_wconf 84' lang='grc' dir='ltr'><em>καὶ</em></span> <span class='ocrx_word' id='word_1_77' title='bbox 1062 1532 1138 1592; x_wconf 79' lang='grc' dir='ltr'><em>κατὰ</em></span> <span class='ocrx_word' id='word_1_78' title='bbox 1163 1529 1215 1606; x_wconf 79' lang='grc' dir='ltr'><em>τὴν</em></span> <span class='ocrx_word' id='word_1_79' title='bbox 1233 1528 1369 1606; x_wconf 77' lang='grc' dir='ltr'><em>Δωρικὴν</em></span> <span class='ocrx_word' id='word_1_80' title='bbox 1386 1527 1472 1590; x_wconf 81' lang='grc' dir='ltr'><em>διάλε-</em></span> 
     </span>
     <span class='ocr_line' id='line_1_12' title="bbox 211 1610 1472 1693; baseline -0.003 -16"><span class='ocrx_word' id='word_1_81' title='bbox 211 1640 283 1678; x_wconf 83' lang='grc' dir='ltr'><em>κτον</em></span> <span class='ocrx_word' id='word_1_82' title='bbox 301 1625 353 1678; x_wconf 83' lang='grc' dir='ltr'><em>τώι</em></span> <span class='ocrx_word' id='word_1_83' title='bbox 369 1622 423 1690; x_wconf 81' lang='grc' dir='ltr'><em>μὲν</em></span> <span class='ocrx_word' id='word_1_84' title='bbox 440 1620 722 1693; x_wconf 81' lang='grc' dir='ltr'><em>προκατειλεγμένωι</em></span> <span class='ocrx_word' id='word_1_85' title='bbox 739 1619 829 1692; x_wconf 86' lang='grc' dir='ltr'><em>λόγωι</em></span> <span class='ocrx_word' id='word_1_86' title='bbox 849 1611 930 1686; x_wconf 79' lang='grc' dir='ltr'><em>ὅπως</em></span> <span class='ocrx_word' id='word_1_87' title='bbox 947 1610 1174 1691; x_wconf 70' lang='grc' dir='ltr'><em>ἀναγιγνώσκειν</em></span> <span class='ocrx_word' id='word_1_88' title='bbox 1192 1611 1269 1676; x_wconf 65' lang='lat' dir='ltr'><strong>‘oiri’</strong></span> <span class='ocrx_word' id='word_1_89' title='bbox 1282 1658 1310 1674; x_wconf 93' lang='lat'><em>..</em></span> <span class='ocrx_word' id='word_1_90' title='bbox 1329 1610 1398 1692; x_wconf 80' lang='grc' dir='ltr'><em>ἀρ’,</em></span> <span class='ocrx_word' id='word_1_91' title='bbox 1421 1620 1472 1675; x_wconf 86' lang='grc' dir='ltr'><em>τώι</em></span> 
     </span>
     <span class='ocr_line' id='line_1_13' title="bbox 211 1693 1471 1779; baseline -0.002 -17"><span class='ocrx_word' id='word_1_92' title='bbox 211 1705 311 1774; x_wconf 80' lang='grc' dir='ltr'><em>μέντοι</em></span> <span class='ocrx_word' id='word_1_93' title='bbox 327 1710 440 1776; x_wconf 80' lang='grc' dir='ltr'><em>μᾶλλον</em></span> <span class='ocrx_word' id='word_1_94' title='bbox 451 1699 555 1772; x_wconf 71' lang='grc' dir='ltr'><em>αὖτοὺς</em></span> <span class='ocrx_word' id='word_1_95' title='bbox 568 1701 827 1779; x_wconf 79' lang='grc' dir='ltr'><em>σαγκαταβιβάζειν</em></span> <span class='ocrx_word' id='word_1_96' title='bbox 845 1704 881 1762; x_wconf 81' lang='grc' dir='ltr'><em>τὰ</em></span> <span class='ocrx_word' id='word_1_97' title='bbox 900 1696 1080 1779; x_wconf 78' lang='grc' dir='ltr'><em>ἐπιρρήματα</em></span> <span class='ocrx_word' id='word_1_98' title='bbox 1100 1698 1189 1770; x_wconf 82' lang='grc' dir='ltr'><em>ὃπώς,</em></span> <span class='ocrx_word' id='word_1_99' title='bbox 1206 1693 1283 1762; x_wconf 84' lang='grc' dir='ltr'><em>ώστε</em></span> <span class='ocrx_word' id='word_1_100' title='bbox 1302 1697 1471 1775; x_wconf 80' lang='grc' dir='ltr'><em>ἀμφοτέρας</em></span> 
     </span>
     <span class='ocr_line' id='line_1_14' title="bbox 213 1786 711 1863; baseline -0.002 -16"><span class='ocrx_word' id='word_1_101' title='bbox 213 1787 264 1856; x_wconf 77' lang='grc' dir='ltr'><em>τὰς</em></span> <span class='ocrx_word' id='word_1_102' title='bbox 281 1786 459 1862; x_wconf 79' lang='grc' dir='ltr'><em>ἀναγνώσεις</em></span> <span class='ocrx_word' id='word_1_103' title='bbox 475 1786 566 1863; x_wconf 89' lang='grc' dir='ltr'><em>λόγου</em></span> <span class='ocrx_word' id='word_1_104' title='bbox 583 1787 711 1862; x_wconf 77' lang='grc' dir='ltr'><em>ἔχεσθαι.</em></span> 
     </span>
    </p>

    <p class='ocr_par' dir='ltr' id='par_1_9' title="bbox 298 1875 685 1946">
     <span class='ocr_line' id='line_1_15' title="bbox 298 1875 685 1946; baseline -0.005 -14"><span class='ocrx_word' id='word_1_105' title='bbox 298 1876 435 1946; x_wconf 82' lang='lat' dir='ltr'><strong>Sophreni</strong></span> <span class='ocrx_word' id='word_1_106' title='bbox 452 1876 549 1932; x_wconf 83' lang='lat' dir='ltr'><strong>tribuit</strong></span> <span class='ocrx_word' id='word_1_107' title='bbox 565 1875 685 1931; x_wconf 81' lang='lat' dir='ltr'><strong>Ahren9.</strong></span> 
     </span>
    </p>
   </div>
   <div class='ocr_carea' id='block_1_8' title="bbox 641 2031 1028 2110">
    <p class='ocr_par' dir='ltr' id='par_1_10' title="bbox 641 2031 1028 2110">
     <span class='ocr_line' id='line_1_16' title="bbox 641 2031 1028 2110; baseline -0.005 -16"><span class='ocrx_word' id='word_1_108' title='bbox 641 2036 704 2094; x_wconf 85' lang='lat'><em>*97</em></span> <span class='ocrx_word' id='word_1_109' title='bbox 729 2033 782 2110; x_wconf 85' lang='lat'><em>(88</em></span> <span class='ocrx_word' id='word_1_110' title='bbox 797 2031 873 2094; x_wconf 78' lang='lat' dir='ltr'><em>Aer.</em></span> <span class='ocrx_word' id='word_1_111' title='bbox 897 2034 958 2094; x_wconf 84' lang='lat'><em>158</em></span> <span class='ocrx_word' id='word_1_112' title='bbox 974 2032 1028 2106; x_wconf 80' lang='lat'><em>90)</em></span> 
     </span>
    </p>
   </div>
   <div class='ocr_carea' id='block_1_9' title="bbox 609 2147 1070 2233">
    <p class='ocr_par' dir='ltr' id='par_1_11' title="bbox 609 2147 1070 2233">
     <span class='ocr_line' id='line_1_17' title="bbox 609 2147 1070 2233; baseline -0.004 -17"><span class='ocrx_word' id='word_1_113' title='bbox 609 2159 724 2216; x_wconf 85' lang='grc' dir='ltr'><em>ταντᾶι</em></span> <span class='ocrx_word' id='word_1_114' title='bbox 745 2156 798 2216; x_wconf 80' lang='grc' dir='ltr'><em>ταὶ</em></span> <span class='ocrx_word' id='word_1_115' title='bbox 819 2147 934 2233; x_wconf 70' lang='grc' dir='ltr'><em>θύραι,</em></span> <span class='ocrx_word' id='word_1_116' title='bbox 961 2158 1070 2231; x_wconf 86' lang='grc' dir='ltr'><em>μᾶτερ.</em></span> 
     </span>
    </p>
   </div>
   <div class='ocr_carea' id='block_1_10' title="bbox 208 2257 1469 2493">
    <p class='ocr_par' dir='ltr' id='par_1_12' title="bbox 208 2257 1469 2493">
     <span class='ocr_line' id='line_1_18' title="bbox 297 2257 1469 2338; baseline -0.003 -17"><span class='ocrx_word' id='word_1_117' title='bbox 297 2265 393 2336; x_wconf 89' lang='lat' dir='ltr'><strong>Apoll.</strong></span> <span class='ocrx_word' id='word_1_118' title='bbox 417 2266 452 2321; x_wconf 88' lang='lat' dir='ltr'><em>de</em></span> <span class='ocrx_word' id='word_1_119' title='bbox 468 2266 532 2321; x_wconf 79' lang='lat' dir='ltr'><strong>adv.</strong></span> <span class='ocrx_word' id='word_1_120' title='bbox 550 2283 577 2336; x_wconf 87' lang='lat' dir='ltr'><em>p.</em></span> <span class='ocrx_word' id='word_1_121' title='bbox 597 2271 660 2329; x_wconf 82' lang='lat'><strong>592,</strong></span> <span class='ocrx_word' id='word_1_122' title='bbox 679 2270 694 2319; x_wconf 83' lang='grc'>9</span> <span class='ocrx_word' id='word_1_123' title='bbox 721 2261 756 2323; x_wconf 85' lang='grc' dir='ltr'><em>τὸ</em></span> <span class='ocrx_word' id='word_1_124' title='bbox 782 2265 841 2338; x_wconf 76' lang='grc' dir='ltr'><em>γάρ</em></span> <span class='ocrx_word' id='word_1_125' title='bbox 868 2262 896 2321; x_wconf 80' lang='grc' dir='ltr'><em>ολ</em></span> <span class='ocrx_word' id='word_1_126' title='bbox 919 2266 967 2321; x_wconf 86' lang='grc' dir='ltr'><strong><em>τοὶ</em></strong></span> <span class='ocrx_word' id='word_1_127' title='bbox 989 2284 1058 2336; x_wconf 89' lang='grc' dir='ltr'><em>φασι</em></span> <span class='ocrx_word' id='word_1_128' title='bbox 1082 2267 1201 2337; x_wconf 86' lang='grc' dir='ltr'><em>Δωριεῖς</em></span> <span class='ocrx_word' id='word_1_129' title='bbox 1225 2265 1275 2320; x_wconf 83' lang='grc' dir='ltr'><em>καὶ</em></span> <span class='ocrx_word' id='word_1_130' title='bbox 1301 2257 1337 2320; x_wconf 89' lang='grc' dir='ltr'><em>τὸ</em></span> <span class='ocrx_word' id='word_1_131' title='bbox 1360 2262 1392 2319; x_wconf 76' lang='grc' dir='ltr'><em>αὶ</em></span> <span class='ocrx_word' id='word_1_132' title='bbox 1413 2265 1469 2320; x_wconf 82' lang='grc' dir='ltr'><em>ταί.</em></span> 
     </span>
     <span class='ocr_line' id='line_1_19' title="bbox 208 2343 1317 2421; baseline -0.006 -13"><span class='ocrx_word' id='word_1_133' title='bbox 208 2345 322 2408; x_wconf 52' lang='grc' dir='ltr'><em>(ταῦται</em></span> <span class='ocrx_word' id='word_1_134' title='bbox 340 2390 368 2405; x_wconf 90' lang='grc'><em>..</em></span> <span class='ocrx_word' id='word_1_135' title='bbox 385 2343 499 2421; x_wconf 62' lang='grc' dir='ltr'><em>μᾶτερῖ</em></span> <span class='ocrx_word' id='word_1_136' title='bbox 535 2349 675 2420; x_wconf 80' lang='lat' dir='ltr'><em>Sophreni</em></span> <span class='ocrx_word' id='word_1_137' title='bbox 692 2350 790 2406; x_wconf 88' lang='lat' dir='ltr'><strong>tn&#39;buit</strong></span> <span class='ocrx_word' id='word_1_138' title='bbox 806 2351 882 2415; x_wconf 81' lang='lat' dir='ltr'><strong>Best,</strong></span> <span class='ocrx_word' id='word_1_139' title='bbox 900 2355 944 2404; x_wconf 85' lang='lat' dir='ltr'><em>est</em></span> <span class='ocrx_word' id='word_1_140' title='bbox 959 2348 1076 2405; x_wconf 81' lang='lat' dir='ltr'><strong>fortasse</strong></span> <span class='ocrx_word' id='word_1_141' title='bbox 1095 2364 1110 2403; x_wconf 93' lang='lat' dir='ltr'><strong>e</strong></span> <span class='ocrx_word' id='word_1_142' title='bbox 1128 2347 1317 2404; x_wconf 83' lang='lat' dir='ltr'><strong>muliebribus.</strong></span> 
     </span>
     <span class='ocr_line' id='line_1_20' title="bbox 297 2435 1033 2493; baseline -0.003 0"><span class='ocrx_word' id='word_1_143' title='bbox 297 2440 397 2493; x_wconf 84' lang='grc' dir='ltr'><em>ταντᾶι</em></span> <span class='ocrx_word' id='word_1_144' title='bbox 414 2435 523 2491; x_wconf 81' lang='lat' dir='ltr'><strong>Wilam.</strong></span> <span class='ocrx_word' id='word_1_145' title='bbox 541 2435 602 2491; x_wconf 84' lang='lat' dir='ltr'><strong>eoll.</strong></span> <span class='ocrx_word' id='word_1_146' title='bbox 620 2435 735 2490; x_wconf 72' lang='lat' dir='ltr'><strong>Theon.</strong></span> <span class='ocrx_word' id='word_1_147' title='bbox 751 2435 847 2490; x_wconf 86' lang='lat' dir='ltr'><strong>Adon.</strong></span> <span class='ocrx_word' id='word_1_148' title='bbox 860 2438 905 2488; x_wconf 77' lang='lat'><em>60:</em></span> <span class='ocrx_word' id='word_1_149' title='bbox 925 2438 1033 2491; x_wconf 80' lang='grc' dir='ltr'><em>ταῦται.</em></span> 
     </span>
    </p>
   </div>
   <div class='ocr_carea' id='block_1_11' title="bbox 643 2590 1029 2794">
    <p class='ocr_par' dir='ltr' id='par_1_13' title="bbox 643 2590 1029 2794">
     <span class='ocr_line' id='line_1_21' title="bbox 643 2590 1029 2669; baseline 0 -15"><span class='ocrx_word' id='word_1_150' title='bbox 643 2594 707 2654; x_wconf 80' lang='grc'><em>*99</em></span> <span class='ocrx_word' id='word_1_151' title='bbox 731 2594 783 2669; x_wconf 82' lang='grc'><em>(96</em></span> <span class='ocrx_word' id='word_1_152' title='bbox 799 2590 874 2654; x_wconf 79' lang='lat' dir='ltr'><em>Anr.</em></span> <span class='ocrx_word' id='word_1_153' title='bbox 899 2595 959 2655; x_wconf 83' lang='lat'><em>156</em></span> <span class='ocrx_word' id='word_1_154' title='bbox 974 2592 1029 2669; x_wconf 83' lang='lat'><em>90)</em></span> 
     </span>
     <span class='ocr_line' id='line_1_22' title="bbox 645 2706 1026 2794; baseline 0.01 -20"><span class='ocrx_word' id='word_1_155' title='bbox 645 2721 673 2774; x_wconf 79' lang='lat' dir='ltr'><em>el</em></span> <span class='ocrx_word' id='word_1_156' title='bbox 693 2706 733 2775; x_wconf 82' lang='grc' dir='ltr'><em>τὰ</em></span> <span class='ocrx_word' id='word_1_157' title='bbox 754 2718 823 2774; x_wconf 79' lang='grc' dir='ltr'><em>τῶν</em></span> <span class='ocrx_word' id='word_1_158' title='bbox 842 2719 1026 2794; x_wconf 85' lang='grc' dir='ltr'><em>χοιραγχᾶν.</em></span> 
     </span>
    </p>
   </div>
   <div class='ocr_carea' id='block_1_12' title="bbox 209 2814 1469 3137">
    <p class='ocr_par' dir='ltr' id='par_1_14' title="bbox 209 2814 1469 3137">
     <span class='ocr_line' id='line_1_23' title="bbox 295 2814 1468 2898; baseline -0.001 -15"><span class='ocrx_word' id='word_1_159' title='bbox 295 2828 390 2897; x_wconf 86' lang='lat' dir='ltr'><strong>Apoll.</strong></span> <span class='ocrx_word' id='word_1_160' title='bbox 409 2828 444 2882; x_wconf 87' lang='lat' dir='ltr'><em>de</em></span> <span class='ocrx_word' id='word_1_161' title='bbox 456 2827 520 2882; x_wconf 82' lang='lat' dir='ltr'><strong>adv.</strong></span> <span class='ocrx_word' id='word_1_162' title='bbox 531 2841 559 2894; x_wconf 89' lang='lat' dir='ltr'><em>p.</em></span> <span class='ocrx_word' id='word_1_163' title='bbox 572 2829 656 2892; x_wconf 78' lang='lat'><strong>62⁵‚9</strong></span> <span class='ocrx_word' id='word_1_164' title='bbox 674 2825 709 2882; x_wconf 86' lang='grc' dir='ltr'><em>τὸ</em></span> <span class='ocrx_word' id='word_1_165' title='bbox 722 2823 779 2897; x_wconf 80' lang='grc' dir='ltr'><em>γὰρ</em></span> <span class='ocrx_word' id='word_1_166' title='bbox 792 2820 831 2882; x_wconf 59' lang='grc' dir='ltr'><em>(εἰ</em></span> <span class='ocrx_word' id='word_1_167' title='bbox 849 2864 877 2880; x_wconf 88' lang='grc'><em>..</em></span> <span class='ocrx_word' id='word_1_168' title='bbox 893 2820 977 2898; x_wconf 75' lang='grc' dir='ltr'><em>χωρ’</em></span> <span class='ocrx_word' id='word_1_169' title='bbox 994 2826 1027 2882; x_wconf 77' lang='grc' dir='ltr'><em>ἐν</em></span> <span class='ocrx_word' id='word_1_170' title='bbox 1044 2823 1108 2884; x_wconf 79' lang='grc' dir='ltr'><em>ἴσωι</em></span> <span class='ocrx_word' id='word_1_171' title='bbox 1129 2822 1191 2882; x_wconf 76' lang='grc' dir='ltr'><em>ἐστὶ</em></span> <span class='ocrx_word' id='word_1_172' title='bbox 1207 2828 1260 2881; x_wconf 86' lang='grc' dir='ltr'><em>τώι</em></span> <span class='ocrx_word' id='word_1_173' title='bbox 1279 2814 1365 2883; x_wconf 74' lang='grc' dir='ltr'><em>ὅπου.</em></span> <span class='ocrx_word' id='word_1_174' title='bbox 1398 2843 1468 2896; x_wconf 82' lang='lat' dir='ltr'><strong>quae</strong></span> 
     </span>
     <span class='ocr_line' id='line_1_24' title="bbox 209 2910 1469 2982; baseline 0.001 -16"><span class='ocrx_word' id='word_1_175' title='bbox 209 2913 297 2968; x_wconf 85' lang='lat' dir='ltr'><strong>verba</strong></span> <span class='ocrx_word' id='word_1_176' title='bbox 312 2929 373 2968; x_wconf 84' lang='lat' dir='ltr'><em>cum</em></span> <span class='ocrx_word' id='word_1_177' title='bbox 386 2913 489 2981; x_wconf 89' lang='lat' dir='ltr'><strong>ubique</strong></span> <span class='ocrx_word' id='word_1_178' title='bbox 505 2927 561 2965; x_wconf 83' lang='lat' dir='ltr'><em>une</em></span> <span class='ocrx_word' id='word_1_179' title='bbox 577 2927 639 2966; x_wconf 83' lang='lat' dir='ltr'><em>eum</em></span> <span class='ocrx_word' id='word_1_180' title='bbox 658 2912 738 2965; x_wconf 81' lang='lat' dir='ltr'><strong>certis</strong></span> <span class='ocrx_word' id='word_1_181' title='bbox 750 2911 903 2981; x_wconf 80' lang='lat' dir='ltr'><strong>Sophronis</strong></span> <span class='ocrx_word' id='word_1_182' title='bbox 919 2912 1013 2967; x_wconf 76' lang='lat' dir='ltr'><strong>verbis</strong></span> <span class='ocrx_word' id='word_1_183' title='bbox 1025 2911 1183 2972; x_wconf 74' lang='lat' dir='ltr'><strong>afferantur,</strong></span> <span class='ocrx_word' id='word_1_184' title='bbox 1202 2910 1356 2980; x_wconf 80' lang='lat' dir='ltr'><strong>Sophronis</strong></span> <span class='ocrx_word' id='word_1_185' title='bbox 1368 2920 1398 2967; x_wconf 89' lang='lat' dir='ltr'><em>et</em></span> <span class='ocrx_word' id='word_1_186' title='bbox 1410 2913 1469 2982; x_wconf 84' lang='lat' dir='ltr'><em>ipsa</em></span> 
     </span>
     <span class='ocr_line' id='line_1_25' title="bbox 209 2990 1468 3067; baseline 0 -15"><span class='ocrx_word' id='word_1_187' title='bbox 209 3006 281 3063; x_wconf 81' lang='lat' dir='ltr'><strong>sunt,</strong></span> <span class='ocrx_word' id='word_1_188' title='bbox 299 2997 334 3053; x_wconf 86' lang='lat' dir='ltr'><em>ef.</em></span> <span class='ocrx_word' id='word_1_189' title='bbox 351 3014 379 3067; x_wconf 88' lang='lat' dir='ltr'><em>p.</em></span> <span class='ocrx_word' id='word_1_190' title='bbox 390 3002 448 3062; x_wconf 79' lang='lat'>542,</span> <span class='ocrx_word' id='word_1_191' title='bbox 458 3001 499 3051; x_wconf 83' lang='lat'><em>39.</em></span> <span class='ocrx_word' id='word_1_192' title='bbox 512 3000 571 3062; x_wconf 77' lang='lat'><strong>622,</strong></span> <span class='ocrx_word' id='word_1_193' title='bbox 584 2999 624 3049; x_wconf 89' lang='lat'><em>18.</em></span> <span class='ocrx_word' id='word_1_194' title='bbox 649 2996 684 3051; x_wconf 86' lang='lat' dir='ltr'><em>de</em></span> <span class='ocrx_word' id='word_1_195' title='bbox 696 3003 769 3067; x_wconf 80' lang='lat' dir='ltr'><strong>synt.</strong></span> <span class='ocrx_word' id='word_1_196' title='bbox 780 3013 808 3065; x_wconf 90' lang='lat' dir='ltr'><em>p.</em></span> <span class='ocrx_word' id='word_1_197' title='bbox 817 3001 876 3062; x_wconf 83' lang='lat'>335,</span> <span class='ocrx_word' id='word_1_198' title='bbox 886 3001 927 3050; x_wconf 81' lang='lat'><em>25.</em></span> <span class='ocrx_word' id='word_1_199' title='bbox 962 2996 1091 3066; x_wconf 81' lang='lat' dir='ltr'><strong>intellege</strong></span> <span class='ocrx_word' id='word_1_200' title='bbox 1105 2990 1165 3051; x_wconf 79' lang='lat' dir='ltr'><strong>‘ubi</strong></span> <span class='ocrx_word' id='word_1_201' title='bbox 1183 2995 1318 3052; x_wconf 80' lang='lat' dir='ltr'><strong>laniorum</strong></span> <span class='ocrx_word' id='word_1_202' title='bbox 1337 2997 1468 3053; x_wconf 80' lang='lat' dir='ltr'><strong>tabemae</strong></span> 
     </span>
     <span class='ocr_line' id='line_1_26' title="bbox 209 3077 292 3137; baseline -0.024 0"><span class='ocrx_word' id='word_1_203' title='bbox 209 3077 292 3137; x_wconf 83' lang='lat' dir='ltr'><strong>eunt&#39;.</strong></span> 
     </span>
    </p>
   </div>
   <div class='ocr_carea' id='block_1_13' title="bbox 670 3220 1003 3297">
    <p class='ocr_par' dir='ltr' id='par_1_15' title="bbox 670 3220 1003 3297">
     <span class='ocr_line' id='line_1_27' title="bbox 670 3220 1003 3297; baseline -0.003 -15"><span class='ocrx_word' id='word_1_204' title='bbox 670 3222 710 3282; x_wconf 92' lang='lat'><em>99</em></span> <span class='ocrx_word' id='word_1_205' title='bbox 727 3221 778 3296; x_wconf 79' lang='grc' dir='ltr'><em>(ον</em></span> <span class='ocrx_word' id='word_1_206' title='bbox 793 3220 868 3283; x_wconf 73' lang='lat' dir='ltr'><em>Aer.</em></span> <span class='ocrx_word' id='word_1_207' title='bbox 892 3222 931 3282; x_wconf 84' lang='lat'><em>22</em></span> <span class='ocrx_word' id='word_1_208' title='bbox 948 3222 1003 3297; x_wconf 85' lang='lat'><em>90)</em></span> 
     </span>
    </p>
   </div>
   <div class='ocr_carea' id='block_1_14' title="bbox 209 3325 1466 3494">
    <p class='ocr_par' dir='ltr' id='par_1_16' title="bbox 209 3325 1466 3494">
     <span class='ocr_line' id='line_1_28' title="bbox 293 3325 1466 3420; baseline 0.002 -29"><span class='ocrx_word' id='word_1_209' title='bbox 293 3336 397 3420; x_wconf 83' lang='lat' dir='ltr'><strong>Athen.</strong></span> <span class='ocrx_word' id='word_1_210' title='bbox 416 3337 512 3392; x_wconf 74' lang='lat'><strong>11449</strong></span> <span class='ocrx_word' id='word_1_211' title='bbox 537 3327 582 3394; x_wconf 75' lang='grc' dir='ltr'><em>ὅτι</em></span> <span class='ocrx_word' id='word_1_212' title='bbox 599 3339 647 3393; x_wconf 81' lang='grc' dir='ltr'><em>καὶ</em></span> <span class='ocrx_word' id='word_1_213' title='bbox 669 3333 717 3393; x_wconf 79' lang='grc' dir='ltr'><em>ἐπὶ</em></span> <span class='ocrx_word' id='word_1_214' title='bbox 734 3340 786 3393; x_wconf 81' lang='grc' dir='ltr'><em>τοῦ</em></span> <span class='ocrx_word' id='word_1_215' title='bbox 806 3325 910 3401; x_wconf 65' lang='grc' dir='ltr'><em>ὓδατος</em></span> <span class='ocrx_word' id='word_1_216' title='bbox 933 3330 1056 3392; x_wconf 77' lang='grc' dir='ltr'><em>ἔταττον</em></span> <span class='ocrx_word' id='word_1_217' title='bbox 1079 3332 1107 3392; x_wconf 79' lang='lat' dir='ltr'><em>ol</em></span> <span class='ocrx_word' id='word_1_218' title='bbox 1130 3337 1249 3392; x_wconf 80' lang='grc' dir='ltr'><em>παλαιοὶ</em></span> <span class='ocrx_word' id='word_1_219' title='bbox 1265 3334 1301 3393; x_wconf 80' lang='grc' dir='ltr'><em>τὸ</em></span> <span class='ocrx_word' id='word_1_220' title='bbox 1325 3333 1466 3410; x_wconf 81' lang='grc' dir='ltr'><em>ἄκρατον.</em></span> 
     </span>
     <span class='ocr_line' id='line_1_29' title="bbox 209 3420 345 3494; baseline -0.007 -17"><span class='ocrx_word' id='word_1_221' title='bbox 209 3420 345 3494; x_wconf 84' lang='grc' dir='ltr'><em>Σώφρων</em></span> 
     </span>
    </p>
   </div>
   <div class='ocr_carea' id='block_1_15' title="bbox 556 3483 1108 3575">
    <p class='ocr_par' dir='ltr' id='par_1_17' title="bbox 556 3483 1108 3575">
     <span class='ocr_line' id='line_1_30' title="bbox 556 3483 1108 3575; baseline -0.005 -17"><span class='ocrx_word' id='word_1_222' title='bbox 556 3490 645 3575; x_wconf 77' lang='grc' dir='ltr'><em>ὕδωρ</em></span> <span class='ocrx_word' id='word_1_223' title='bbox 669 3483 812 3574; x_wconf 71' lang='grc' dir='ltr'><em>ἄκρατον</em></span> <span class='ocrx_word' id='word_1_224' title='bbox 835 3496 878 3568; x_wconf 82' lang='grc' dir='ltr'><em>εἰς</em></span> <span class='ocrx_word' id='word_1_225' title='bbox 901 3486 962 3556; x_wconf 79' lang='grc' dir='ltr'><em>τὰν</em></span> <span class='ocrx_word' id='word_1_226' title='bbox 984 3486 1108 3555; x_wconf 78' lang='grc' dir='ltr'><em>κύλικα.</em></span> 
     </span>
    </p>
   </div>
   <div class='ocr_carea' id='block_1_16' title="bbox 293 3694 1095 3880">
    <p class='ocr_par' dir='ltr' id='par_1_18' title="bbox 293 3694 1095 3880">
     <span class='ocr_line' id='line_1_31' title="bbox 655 3694 1018 3773; baseline -0.011 -14"><span class='ocrx_word' id='word_1_227' title='bbox 655 3698 716 3759; x_wconf 86' lang='lat'><em>100</em></span> <span class='ocrx_word' id='word_1_228' title='bbox 740 3699 793 3773; x_wconf 88' lang='grc'><em>(68</em></span> <span class='ocrx_word' id='word_1_229' title='bbox 808 3694 884 3758; x_wconf 88' lang='lat' dir='ltr'><strong>Ahr.</strong></span> <span class='ocrx_word' id='word_1_230' title='bbox 907 3697 947 3756; x_wconf 84' lang='lat'><em>26</em></span> <span class='ocrx_word' id='word_1_231' title='bbox 962 3695 1018 3769; x_wconf 91' lang='lat' dir='ltr'><em>Bo)</em></span> 
     </span>
     <span class='ocr_line' id='line_1_32' title="bbox 293 3807 1095 3880; baseline -0.004 -13"><span class='ocrx_word' id='word_1_232' title='bbox 293 3813 398 3868; x_wconf 87' lang='lat' dir='ltr'><strong>Athen.</strong></span> <span class='ocrx_word' id='word_1_233' title='bbox 417 3811 509 3867; x_wconf 81' lang='grc'>11489</span> <span class='ocrx_word' id='word_1_234' title='bbox 527 3812 562 3866; x_wconf 91' lang='lat' dir='ltr'><em>de</em></span> <span class='ocrx_word' id='word_1_235' title='bbox 579 3812 736 3868; x_wconf 78' lang='lat' dir='ltr'><strong>stramentis</strong></span> <span class='ocrx_word' id='word_1_236' title='bbox 754 3810 889 3867; x_wconf 82' lang='lat' dir='ltr'><strong>disserens</strong></span> <span class='ocrx_word' id='word_1_237' title='bbox 907 3813 942 3866; x_wconf 85' lang='grc' dir='ltr'><em>Σ.</em></span> <span class='ocrx_word' id='word_1_238' title='bbox 961 3807 991 3866; x_wconf 79' lang='grc' dir='ltr'><em>δέ</em></span> <span class='ocrx_word' id='word_1_239' title='bbox 1009 3827 1095 3880; x_wconf 89' lang='grc' dir='ltr'><em>φησιν</em></span> 
     </span>
    </p>
   </div>
   <div class='ocr_carea' id='block_1_17' title="bbox 291 3913 1138 4105">
    <p class='ocr_par' dir='ltr' id='par_1_19' title="bbox 291 3913 1138 4105">
     <span class='ocr_line' id='line_1_33' title="bbox 528 3913 1138 4000; baseline -0.002 -18"><span class='ocrx_word' id='word_1_240' title='bbox 528 3913 722 4000; x_wconf 78' lang='grc' dir='ltr'><em>στρουθωτὰ</em></span> <span class='ocrx_word' id='word_1_241' title='bbox 745 3917 895 3995; x_wconf 68' lang='grc' dir='ltr'><em>ἑλίγματα</em></span> <span class='ocrx_word' id='word_1_242' title='bbox 918 3917 1138 3992; x_wconf 80' lang='grc' dir='ltr'><em>ἐντετμαμένα.</em></span> 
     </span>
     <span class='ocr_line' id='line_1_34' title="bbox 291 4025 1043 4105; baseline -0.007 -16"><span class='ocrx_word' id='word_1_243' title='bbox 291 4032 493 4105; x_wconf 80' lang='grc' dir='ltr'><em>ἐντετιμημένα</em></span> <span class='ocrx_word' id='word_1_244' title='bbox 511 4034 540 4087; x_wconf 88' lang='grc' dir='ltr'>Α</span> <span class='ocrx_word' id='word_1_245' title='bbox 557 4030 723 4102; x_wconf 74' lang='grc' dir='ltr'><em>ἐντετιμὲνα</em></span> <span class='ocrx_word' id='word_1_246' title='bbox 741 4031 778 4085; x_wconf 88' lang='lat' dir='ltr'><em>E:</em></span> <span class='ocrx_word' id='word_1_247' title='bbox 796 4047 864 4086; x_wconf 85' lang='lat' dir='ltr'><strong>eorr.</strong></span> <span class='ocrx_word' id='word_1_248' title='bbox 881 4025 1043 4086; x_wconf 80' lang='lat' dir='ltr'><strong>Meinekius.</strong></span> 
     </span>
    </p>
   </div>
   <div class='ocr_carea' id='block_1_18' title="bbox 290 4204 1269 4395">
    <p class='ocr_par' dir='ltr' id='par_1_20' title="bbox 290 4204 1269 4395">
     <span class='ocr_line' id='line_1_35' title="bbox 650 4204 1012 4284; baseline -0.003 -16"><span class='ocrx_word' id='word_1_249' title='bbox 650 4208 709 4269; x_wconf 88' lang='lat'><em>101</em></span> <span class='ocrx_word' id='word_1_250' title='bbox 734 4207 787 4284; x_wconf 87' lang='grc'><em>(19</em></span> <span class='ocrx_word' id='word_1_251' title='bbox 802 4204 877 4268; x_wconf 82' lang='lat' dir='ltr'><em>Ahr.</em></span> <span class='ocrx_word' id='word_1_252' title='bbox 900 4207 940 4268; x_wconf 86' lang='lat'><em>65</em></span> <span class='ocrx_word' id='word_1_253' title='bbox 955 4206 1012 4282; x_wconf 84' lang='lat' dir='ltr'><em>Bo)</em></span> 
     </span>
     <span class='ocr_line' id='line_1_36' title="bbox 290 4315 1269 4395; baseline 0.003 -19"><span class='ocrx_word' id='word_1_254' title='bbox 290 4321 394 4378; x_wconf 84' lang='lat' dir='ltr'><strong>Atlien.</strong></span> <span class='ocrx_word' id='word_1_255' title='bbox 412 4321 455 4377; x_wconf 90' lang='lat'><em>111</em></span> <span class='ocrx_word' id='word_1_256' title='bbox 467 4326 522 4378; x_wconf 80' lang='grc'><em>869</em></span> <span class='ocrx_word' id='word_1_257' title='bbox 538 4319 618 4395; x_wconf 79' lang='grc' dir='ltr'><em>παρὰ</em></span> <span class='ocrx_word' id='word_1_258' title='bbox 636 4315 775 4393; x_wconf 84' lang='grc' dir='ltr'><em>Σώφρονι</em></span> <span class='ocrx_word' id='word_1_259' title='bbox 793 4320 823 4378; x_wconf 74' lang='grc' dir='ltr'><em>δὲ</em></span> <span class='ocrx_word' id='word_1_260' title='bbox 839 4316 942 4393; x_wconf 83' lang='grc' dir='ltr'><em>κόγχοι</em></span> <span class='ocrx_word' id='word_1_261' title='bbox 959 4320 1119 4391; x_wconf 77' lang='grc' dir='ltr'><em>μελαινίδες</em></span> <span class='ocrx_word' id='word_1_262' title='bbox 1136 4320 1269 4394; x_wconf 83' lang='grc' dir='ltr'><em>λέγονται</em></span> 
     </span>
    </p>
   </div>
   <div class='ocr_carea' id='block_1_19' title="bbox 331 4424 1370 4510">
    <p class='ocr_par' dir='ltr' id='par_1_21' title="bbox 331 4424 1370 4510">
     <span class='ocr_line' id='line_1_37' title="bbox 331 4424 1370 4510; baseline 0.004 -17"><span class='ocrx_word' id='word_1_263' title='bbox 331 4433 510 4506; x_wconf 76' lang='grc' dir='ltr'><em>μελαινίδες</em></span> <span class='ocrx_word' id='word_1_264' title='bbox 531 4424 592 4510; x_wconf 79' lang='grc' dir='ltr'><em>γάρ</em></span> <span class='ocrx_word' id='word_1_265' title='bbox 615 4451 666 4492; x_wconf 91' lang='grc' dir='ltr'><em>τοι</em></span> <span class='ocrx_word' id='word_1_266' title='bbox 688 4434 835 4492; x_wconf 83' lang='grc' dir='ltr'><em>νισοῦντι</em></span> <span class='ocrx_word' id='word_1_267' title='bbox 858 4427 928 4504; x_wconf 79' lang='grc' dir='ltr'><em>ἐμὶν</em></span> <span class='ocrx_word' id='word_1_268' title='bbox 950 4428 985 4492; x_wconf 79' lang='grc' dir='ltr'><em>ἐκ</em></span> <span class='ocrx_word' id='word_1_269' title='bbox 1006 4434 1068 4492; x_wconf 85' lang='grc' dir='ltr'><em>τοῦ</em></span> <span class='ocrx_word' id='word_1_270' title='bbox 1089 4435 1209 4508; x_wconf 83' lang='grc' dir='ltr'><em>μικροῦ</em></span> <span class='ocrx_word' id='word_1_271' title='bbox 1230 4431 1370 4509; x_wconf 79' lang='grc' dir='ltr'><em>λιμένος.</em></span> 
     </span>
    </p>
   </div>
   <div class='ocr_carea' id='block_1_20' title="bbox 0 0 1580 5018">
    <p class='ocr_par' dir='ltr' id='par_1_22' title="bbox 0 0 1580 5018">
     <span class='ocr_line' id='line_1_38' title="bbox 0 0 1580 5018; baseline 0 2"><span class='ocrx_word' id='word_1_272' title='bbox 0 0 1580 5018; x_wconf 95' lang='lat' dir='ltr'><em> </em></span> 
     </span>
    </p>
   </div>
  </div>
 </body>
</html>
