3150 5018
757 251 925 302 nrounnrs
1217 226 1219 230 ’
1429 248 1468 305 55

174 460 177 464 -
216 419 322 480 dicitur
342 439 444 498 graece
466 417 624 500 ποιήσεως
645 423 742 500 μέρος
771 422 882 503 (aliqua
910 422 1055 502 particula
1076 421 1200 484 discreta
1221 433 1310 503 atque
1331 421 1468 497 divulsa),

189 511 192 517 ⁴
216 520 295 582 dicta
316 519 403 602 παρὰ
425 520 463 586 τὸ
486 518 628 602 ῥάπτειν,
651 523 733 602 quod
747 544 851 586 versus
870 526 900 583 in
916 545 1010 584 unum
1032 523 1173 585 volumen
1187 524 1271 587 velut
1285 534 1469 586 consuantur

174 631 203 680 50
217 634 246 684 et
268 622 564 704 comprehendantur,
588 623 636 685 vel
657 623 739 704 quod
761 625 831 686 olim
852 634 950 706 partes
972 625 1122 687 Homerici
1143 627 1278 689 carminis
1296 627 1327 686 in
1344 626 1468 688 theatra-

215 725 294 788 libus
316 726 433 787 circulis
455 746 523 786 curn
544 722 691 811 (ῥάβδῳ)
713 726 842 808 [baculo]
864 728 893 788 id
916 738 962 789 est
982 728 1066 807 virga
1086 731 1330 808 pronuntiabant,
1358 730 1408 808 qui
1429 727 1467 789 ab

214 827 316 889 eodem
339 827 473 889 Homero
494 826 564 888 dicti
580 825 770 907 Ὁμηρισταί.
901 817 905 824 ’

299 929 436 1010 Elegia
463 937 509 990 est
535 949 653 990 carmen
680 931 875 1011 compositum
903 930 1073 991 hexametro
1105 951 1193 994 versu
1220 939 1463 1011 pentametroque
1484 933 1533 994 IV

215 1031 335 1093 alternis
357 1028 424 1114 (in)
444 1031 539 1094 vicem
566 1032 682 1112 positis,
715 1042 749 1092 ut
771 1034 849 1108 (Tib.
871 1033 895 1092 I
913 1035 940 1107 1,
965 1036 992 1093 1.
1014 1036 1055 1107 2).
1099 1031 1180 1111 quod
1207 1053 1303 1112 genus
1330 1031 1465 1093 carminis

172 1134 370 1214 capraccipue
398 1134 579 1213 scripserunt-
606 1133 687 1213 apud
708 1134 861 1195 Romanos
883 1134 1054 1215 Propertius
1082 1142 1111 1194 et
1132 1132 1271 1194 Tibullus
1298 1141 1328 1192 et
1349 1131 1466 1206 Gallus,

213 1236 316 1296 imitati
343 1234 474 1298 Graecos
502 1234 719 1296 Callimachum
747 1247 777 1297 et
804 1235 978 1298 Euforione.
1065 1235 1157 1314 elegia
1185 1245 1283 1295 autern
1304 1234 1381 1294 dicta
1404 1235 1465 1295 sive
1488 1240 1505 1297 2

214 1334 301 1418 παρὰ
328 1333 367 1401 τὸ
396 1333 432 1401 εὖ
459 1340 562 1417 λέγειν
597 1334 674 1413 τοὺς
702 1345 883 1415 τεθνεῶτας
918 1338 990 1414 (iere
1017 1338 1096 1398 enim
1123 1336 1330 1398 defunctorum
1362 1335 1465 1396 laudes

212 1438 270 1501 hoc
291 1440 419 1502 carmine
441 1438 778 1520 comprehendebantur)
794 1440 856 1503 sive
875 1437 940 1504 αἀὸ
962 1447 1022 1504 τοῦ
1046 1441 1148 1518 ἐλέου,
1170 1439 1200 1499 id
1214 1448 1259 1500 est
1272 1439 1464 1511 miseratione,

213 1541 293 1621 quod
314 1537 460 1622 θρήνους
482 1542 588 1603 Graeci
608 1537 694 1623 (vel)
716 1542 815 1604 ἐλεεῖα
844 1543 899 1604 isto
925 1550 1018 1603 metro
1045 1542 1298 1622 scriptitaverunt;
1335 1540 1382 1601 cui
1404 1541 1465 1620 opi-

170 1649 199 1698 60
214 1643 297 1704 nioni
317 1645 482 1705 consentire
503 1643 620 1706 videtur
637 1645 792 1717 Horatius,
814 1664 883 1705 oum
904 1644 943 1704 ad
964 1643 1088 1705 Albium
1103 1642 1257 1704 Tibullum
1277 1641 1435 1722 elegiarum
1459 1638 1462 1725 l

112 1766 131 1808 r·
147 1755 186 1798 435
212 1753 360 1806 auctorem
389 1745 520 1829 scribens
548 1745 586 1807 ab
615 1766 649 1807 ea
677 1766 766 1826 quam
794 1744 922 1806 diximus
950 1744 1260 1824 miserationeelegos
1285 1743 1464 1806 miserabiles

211 1844 290 1918 dicit,
311 1845 368 1908 hoc
390 1846 492 1909 modo:
515 1867 570 1907 νον
591 1849 777 1908 miserabiles
800 1849 933 1908 decentes
955 1850 1054 1924 elepos.
1091 1845 1172 1927 apud
1192 1846 1346 1908 Romanos
1366 1856 1465 1908 autem

211 1947 241 2007 id
270 1967 396 2021 carmen,
427 1949 508 2028 quod
535 1970 604 2010 cum
630 1949 840 2010 lamentatione
870 1958 1034 2010 extremum
1066 1958 1155 2028 atque
1185 1947 1322 2008 ultimum
1349 1959 1464 2012 mortuo

211 2049 367 2122 accinitur,
401 2051 490 2111 nenia
511 2050 632 2124 dicitur,
665 2048 752 2132 παρὰ
778 2051 816 2115 τὸ
838 2057 967 2116 νείατον
993 2051 1023 2113 id
1045 2062 1090 2112 est
1112 2051 1245 2132 ἔσχατον
1269 2050 1412 2126 (undeet
1432 2052 1464 2112 in

138 2191 140 2194 >
211 2150 328 2212 chordis
356 2161 504 2217 extremus
533 2173 644 2215 nervus
673 2152 842 2234 appellatus
870 2162 916 2214 est
936 2151 1042 2234 νήτη);
1078 2172 1149 2212 nam
1171 2161 1200 2213 et
1221 2150 1315 2233 elegia
1335 2162 1465 2215 extrema
1519 2188 1521 2192 >

168 2260 198 2309 65
213 2261 329 2315 mortuo
351 2253 539 2316 accinebatur
561 2255 645 2315 sicuti
666 2257 761 2328 nenia,
785 2255 908 2336 ideoque
929 2255 966 2316 ab
989 2254 1091 2315 cadem
1112 2251 1241 2333 elogium
1261 2254 1378 2317 videtur
1390 2265 1464 2317 trac·

210 2363 275 2415 tum
296 2356 498 2434 cognominari
519 2357 600 2436 quod
622 2358 743 2419 mortuis
765 2356 815 2420 vel
836 2356 981 2418 morituris
995 2356 1158 2417 ascribitur
1179 2356 1380 2419 novissimum.

211 2474 216 2484 ·
295 2455 449 2518 Iambus
470 2466 516 2518 est
536 2478 655 2520 carmen
676 2460 859 2532 maledicum,
881 2459 1054 2539 plerumque
1074 2458 1204 2518 trimetro
1218 2477 1307 2520 versu
1321 2464 1351 2516 et
1364 2455 1460 2536 epodo
1481 2457 1513 2520 V

211 2566 353 2637 sequente
374 2560 578 2639 compositum,
601 2563 905 2637 ut(Hor.10,1.2).
983 2559 1166 2640 appellatum
1189 2567 1234 2620 est
1254 2554 1461 2640 autemacpd
1569 2599 1572 2605 -

210 2655 248 2722 τὸ
271 2663 425 2740 ἰαμβίζειν
447 2660 529 2741 quod
550 2671 595 2722 est
616 2662 796 2726 maledicere.
872 2663 955 2724 cuius
977 2661 1111 2723 carminis
1133 2661 1283 2741 praecipui
1304 2660 1500 2740 scriptores'2

166 2771 196 2820 70
211 2761 292 2842 apud
318 2760 449 2824 Graecos
477 2762 677 2824 Archilochus
709 2774 739 2825 et
768 2764 951 2844 Hipponax,
983 2762 1065 2844 apud
1091 2763 1244 2824 Romanos
1271 2761 1406 2822 Lucilius
1433 2772 1463 2822 et

209 2861 349 2925 Catullus
369 2873 400 2925 et
420 2864 565 2926 Horatius
590 2875 620 2926 ct
640 2865 811 2929 Bibaculus.
882 2868 1002 2949 ἐπῳδοί
1028 2864 1167 2925 dicuntur
1193 2884 1297 2926 versus
1329 2863 1501 2945 quolibet3

209 2973 302 3027 metro
325 2965 425 3046 scripti
446 2975 475 3026 et
497 2976 654 3046 sequentes
676 2967 828 3028 clausulas
850 2967 994 3029 habentes
1016 2965 1242 3047 particularum,
1265 2964 1368 3046 quales
1391 2975 1462 3028 sunt

124 3123 127 3126 .
209 3066 322 3146 epodoe
336 3066 461 3136 Horatii.
484 3068 516 3128 in
538 3069 647 3149 quibus
669 3069 795 3150 singulis
816 3069 950 3132 versibus
970 3068 1104 3148 singulae
1119 3067 1272 3129 clausulae
1286 3066 1460 3138 adiciuntur,

210 3177 245 3228 ut
265 3169 358 3244 (epod.
382 3171 431 3230 15.
455 3171 508 3248 16)
530 3179 560 3231 et
581 3171 758 3252 quicumque
780 3181 852 3233 sunt
874 3170 992 3234 similes.
1035 3170 1103 3232 dicti
1124 3179 1223 3231 autem
1245 3171 1366 3255 ἐπῳδοί
1388 3187 1461 3234 συν-

164 3279 194 3329 75
208 3273 378 3349 εκδοχικῶς
407 3289 426 3331 a
453 3271 588 3352 partibus
609 3293 750 3333 versuum
777 3293 853 3353 quae
874 3272 1009 3353 legitimis
1034 3282 1064 3335 et
1089 3273 1209 3358 integris
1231 3272 1365 3335 versibus
1388 3269 1461 3357 ἐπᾴ-

208 3375 319 3436 δονται
340 3372 371 3434 id
392 3381 439 3433 est
459 3375 643 3435 occinuntur.

292 3474 431 3536 Satura
456 3473 562 3536 dicitur
589 3495 706 3538 carmen
735 3476 816 3557 apud
837 3478 1003 3550 Romanos,
1032 3498 1115 3538 nuno
1142 3476 1259 3556 quidem
1281 3477 1456 3540 maledicum
1477 3481 1507 3539 V
1510 3481 1526 3540 Ι

206 3584 237 3636 et
264 3574 302 3636 ad
329 3575 479 3657 carpenda
506 3576 659 3639 hominum
686 3578 758 3639 vitia
785 3578 925 3640 archasae
953 3577 1118 3640 comoediae
1145 3578 1316 3640 charactere
1344 3602 1460 3662 compo·

207 3677 303 3752 situm,
325 3677 414 3758 quale
435 3678 617 3759 scripserunt
630 3679 766 3742 Lucilius
788 3691 817 3742 et
831 3682 977 3743 Horatius
999 3689 1028 3741 et
1041 3679 1175 3754 Persius;
1198 3690 1243 3742 set
1257 3681 1327 3743 olim
1342 3703 1457 3744 carmen

162 3777 288 3859 acquod
308 3799 347 3840 ex
368 3779 456 3849 variis
477 3781 661 3860 poematibus
683 3783 840 3845 constabat
861 3792 962 3844 satura
984 3780 1154 3856 vocabatur,
1177 3783 1265 3863 quale
1279 3786 1459 3865 scripserunt

273 4070 306 4120 49
324 4068 417 4132 paptin
436 4067 518 4132 (aptin
536 4065 573 4132 A,
592 4071 695 4134 paptini
712 4068 758 4134 M)
829 4074 862 4122 50
879 4086 955 4134 pares
1024 4074 1056 4122 55
1074 4071 1200 4121 tribullus
1281 4074 1313 4122 57
1331 4071 1400 4134 legin
1416 4070 1456 4122 A:

203 4154 278 4216 legen
295 4148 359 4204 ΒΜ
425 4156 458 4205 59
476 4153 561 4217 grecia
578 4169 608 4204 ea
625 4154 667 4204 eia
682 4155 731 4203 isto
747 4159 847 4203 metron
916 4158 947 4206 61
967 4157 1052 4218 alogos
1121 4158 1154 4207 65
1172 4156 1205 4206 ob
1273 4157 1361 4206 eodem
1378 4152 1407 4206 B
1525 4205 1527 4210 ,

204 4237 293 4301 elegia,
312 4251 379 4289 corr.
391 4233 514 4290 Rabbow
566 4242 599 4292 67
617 4239 730 4288 iambum
785 4241 815 4289 71
841 4240 942 4289 catulus
994 4240 1131 4290 niuaculus
1200 4243 1233 4292 74
1255 4242 1456 4304 cyneudochiooa

257 4326 288 4376 75
306 4323 435 4387 apadonte
505 4327 536 4376 77
561 4330 648 4387 satyra
664 4320 763 4388 ubiqqe
780 4323 871 4386 (satira
886 4322 913 4374 A
929 4339 954 4375 ο.
968 4313 1014 4389 80,
1034 4321 1063 4375 Β
1073 4340 1097 4375 ν.
1109 4325 1162 4388 85,
1184 4332 1271 4376 satura
1286 4341 1311 4377 ο.
1326 4325 1400 4390 922),
1418 4324 1457 4379 ste

205 4402 351 4460 Diomedae
367 4405 426 4474 ipae
443 4405 539 4460 saltem
556 4405 587 4459 in
604 4404 734 4458 camelam
751 4405 861 4458 nomiae
930 4412 962 4461 79
980 4411 1070 4471 quales
1087 4407 1150 4461 AM
1215 4417 1240 4461 et
1258 4411 1320 4461 olim
