3150 5018
482 302 602 354 aanor.
620 271 765 355 eorsum.
816 302 984 353 nrouanrs
1276 297 1280 304 '
1316 298 1357 358 53

160 468 326 554 πρόλογος
348 474 434 537 ἐστιν
455 470 573 555 μόριον
594 479 779 551 κοομοοιδίας
800 470 837 538 τὸ
852 477 943 558 μέχρι
956 479 1013 555 τῆς
1028 469 1156 538 εἰσόδου
1170 479 1232 538 τοῦ
1242 457 1355 554 χοροῦ.

156 571 293 656 χορικόν
322 575 387 664 ἐστι
412 571 450 639 τὸ
474 571 539 639 ὑπὸ
562 581 624 640 τοῦ
642 584 749 657 χοροῦ
767 579 865 655 μέλος
888 574 1059 653 οἰσόμενον
1082 572 1162 641 ὅταν
1184 576 1251 658 έχηι
1270 577 1358 654 μέγε·

158 683 221 753 θος
243 671 368 741 ἱκανόν.
402 673 582 742 ἐπεισόδιόν
604 679 670 742 ἐστι
691 674 728 743 τὸ
751 676 871 758 μεταξὺ
893 675 953 744 dc'o
972 685 1116 762 χορικῶν
1137 684 1253 755 μελῶν.
1289 677 1358 756 ἔξο-

159 773 215 856 δός
237 779 302 843 ἐστι
323 775 361 842 τὸ
384 779 436 842 ἐπὶ
457 782 539 844 τέλει
561 776 738 861 λεγόμενον
759 788 821 845 τοῦ
836 789 950 863 χοροῦ.

569 905 615 963 10.
639 905 695 980 τῆς
717 903 901 977 κωμωιὸἱας

360 1013 1099 1048 Ρ---·--ῆ

324 1098 455 1182 παλαιοί,
715 1032 781 1182 νέα,
1040 1105 1129 1184 μέση,

259 1200 278 1287 ἢ
301 1200 525 1286 πλεονάζουσα
633 1200 652 1286 ἦ
674 1211 774 1269 τοῦτο
795 1208 854 1281 μέν
953 1201 972 1286 ἣ
997 1201 1059 1268 ἀπ’
1081 1201 1204 1283 ἀμφοῖν

290 1313 350 1372 τῶι
371 1313 501 1387 γελοίωι
598 1309 781 1389 προιεμένη,
803 1302 886 1388 πρὸς
990 1308 1161 1388 μεμιγμένη

626 1405 717 1473 δὲτὸ
742 1405 859 1486 σεμνὸν

670 1511 813 1592 ῥέπουσα

627 1700 827 1708 -----

577 1865 637 1930 ΧΙ.
670 1863 888 1932 DIOMEDIS

105 1984 232 2048 ARTIS
253 1983 577 2050 GRAMMATIGAE
603 1985 724 2048 LIBRI
745 1986 797 2048 III
824 1982 965 2049 CAPUT
989 1985 1051 2047 DE
1072 1982 1358 2049 POEMATIBUS.

10 2149 49 2193 Μ
63 2146 91 2191 K
190 2138 349 2202 Hactenus
381 2139 521 2221 originem
555 2148 585 2202 et
616 2139 768 2202 historiam
798 2137 980 2219 generalium
1010 2137 1121 2219 pedum
1152 2137 1342 2218 exposuimus
1349 2137 1396 2212 ;I

104 2250 274 2324 poematum
294 2262 405 2322 genera
425 2249 643 2321 metrorumque
663 2249 808 2302 tractatus
829 2239 985 2302 ostendere
1006 2248 1124 2320 tempus
1145 2248 1199 2303 est

191 2343 390 2405 Poematos
411 2361 550 2423 genera
568 2342 723 2404 sunttria:
745 2351 798 2403 aut
812 2343 890 2402 enim
903 2343 1035 2405 activum
1048 2350 1095 2404 est
1107 2340 1157 2405 vel
1171 2340 1353 2412 imitativum,
1378 2345 1396 2404 2

106 2444 187 2526 quod
208 2443 313 2508 Graeci
337 2441 533 2526 σοοματικόν
554 2440 805 2524 νοΙμιμητικόν,
837 2451 890 2505 aut
910 2445 1111 2508 enarrativum
1130 2442 1181 2507 vel
1201 2442 1358 2505 enuntiati·

76 2558 183 2621 tvum,
213 2546 294 2628 quod
315 2545 423 2610 Graeci
444 2542 631 2629 έξηγητικόν
652 2544 703 2609 vel
725 2540 960 2624 ἄπαγγελτικόν
980 2546 1092 2621 dicunt,
1120 2555 1173 2608 aut
1199 2564 1357 2608 commune

104 2648 155 2712 vel
175 2650 309 2724 mixtum,
335 2648 416 2730 quod
437 2647 544 2712 Graeci
564 2645 678 2713 κοινόν
700 2646 750 2710 vel
770 2643 885 2724 μικτόν
907 2647 1072 2729 appellant
1157 2644 1354 2730 δραματικόν
1377 2653 1396 2712 3

104 2759 150 2812 est
175 2750 226 2814 vel
253 2751 383 2814 activum
403 2751 434 2811 in
462 2771 522 2831 quo
547 2771 692 2832 personae
719 2759 815 2830 agunt
843 2749 924 2811 solae
948 2750 1013 2812 sine
1033 2749 1125 2812 ullius
1146 2759 1251 2831 poetae
1271 2749 1358 2810 inter·

104 2850 262 2927 locutione,
290 2860 325 2914 ut
352 2873 383 2914 se
406 2851 520 2914 habent
540 2851 666 2932 tragicae
687 2861 717 2913 et
737 2852 864 2913 comicae
885 2849 1007 2912 fabulae
1029 2854 1099 2932 (quo
1120 2872 1227 2932 genere
1248 2852 1358 2932 scripta

104 2963 150 3016 est
169 2955 266 3036 prIme
286 2953 443 3018 bucolicon
464 2962 495 3015 et
515 2972 551 3015 ea
571 2953 656 3015 cuius
678 2953 793 3013 initium
814 2960 860 3013 est
886 2953 948 3031 Quo
966 2959 1000 3029 te,
1023 2954 1129 3028 Moeri,
1146 2955 1263 3031 pedam
1287 2955 1355 3035 ἐξη-

61 3069 91 3119 10
104 3052 236 3138 γητικόν
257 3065 303 3119 est
323 3056 372 3121 vel
393 3055 595 3119 enarrativum
616 3054 648 3115 in
669 3076 729 3135 quo
750 3064 839 3136 poeta
860 3055 922 3136 ipse
943 3054 1074 3135 loquitur
1095 3055 1159 3116 sine
1178 3053 1271 3116 ullius
1291 3075 1356 3136 per·

105 3178 196 3220 sonae
218 3157 452 3232 interlocutione,
480 3166 515 3220 ut
541 3178 573 3219 se
599 3157 713 3220 habent
739 3167 799 3219 tres
826 3156 952 3238 georgici
979 3164 1009 3218 et
1035 3156 1130 3237 prIma
1156 3175 1226 3237 pars
1251 3156 1356 3236 quarti,

104 3260 173 3321 item
193 3259 314 3322 Lucreti
334 3260 466 3321 earmina
486 3269 516 3321 et
537 3268 633 3320 cetera
653 3259 699 3320 his
721 3259 827 3322 similia
833 3282 841 3334 ;
869 3255 983 3325 κοινόν
1008 3267 1054 3321 est
1074 3258 1125 3323 vel
1148 3278 1304 3321 commune
1325 3259 1357 3320 in

104 3382 164 3442 quo
191 3369 281 3442 poeta
307 3361 370 3443 ipse
397 3359 529 3441 loquitur
559 3369 590 3422 et
616 3381 761 3442 personae
788 3361 945 3443 loquentes
973 3361 1217 3436 introducuntur,
1250 3368 1285 3423 ut
1312 3368 1357 3421 est

97 3457 214 3545 ⁴scripta
240 3462 313 3526 Ilias
340 3470 371 3523 et
392 3461 522 3542 Odyssia
548 3471 612 3524 tcta
637 3462 763 3525 Homeri
790 3473 821 3525 et
847 3461 959 3526 Aeneis
980 3463 1104 3545 Vergilii
1131 3472 1161 3525 et
1187 3471 1283 3525 cetera
1310 3462 1357 3524 his

60 3579 90 3629 15
104 3565 216 3629 similia.
1487 3643 1490 3649 Ι

188 3667 346 3730 Poematos
367 3664 567 3728 dramatici
586 3665 636 3729 vel
657 3667 746 3730 activi
766 3688 876 3748 genera
896 3678 968 3731 sunt
988 3676 1142 3749 quattuor:
1163 3664 1246 3746 apud
1259 3663 1353 3728 Grae·
1376 3672 1396 3731 4
1423 3673 1425 3677 '

102 3789 154 3832 eos
180 3768 293 3850 tragice
319 3769 431 3832 comica
457 3768 584 3850 satyrica
610 3768 734 3844 mimica,
766 3768 849 3851 apud
869 3770 1023 3833 Romanos
1049 3776 1235 3851 praetextata
1262 3766 1356 3829 taber

102 3871 188 3934 naria
208 3869 354 3934 Atellana
373 3869 522 3953 planipes.

188 4036 340 4094 Diocwdec
357 4041 385 4093 et
399 4036 533 4108 duplicem
551 4037 584 4092 de
600 4036 737 4092 comoedia
755 4040 901 4092 tractatum
917 4037 1050 4092 recensuit
1064 4037 1099 4091 F.
1111 4037 1168 4092 Leo

189 4123 348 4194 Scriptcrce
363 4123 423 4178 eice
439 4122 517 4194 eiquo
540 4139 698 4178 consererem
719 4121 840 4177 redderet
854 4122 975 4178 codicem
991 4123 1018 4177 A
1036 4121 1192 4192 (Puteanei)
1215 4120 1244 4175 Β
1262 4119 1355 4188 (Pari-
1478 4159 1479 4162 ,

102 4207 170 4278 eici)
189 4207 227 4264 M
241 4207 438 4277 (Mccececeie)
528 4212 609 4271 31)ss
626 4210 811 4262 Ponunrvs
828 4207 954 4262 imcribit
968 4208 995 4261 A
1077 4201 1096 4260 '4
1113 4206 1244 4262 νοοοονῖο
1258 4221 1356 4276 praece

103 4291 199 4348 leticia
221 4292 318 4348 litterie
336 4292 440 4362 scripta
547 4299 560 4349 7
583 4297 689 4361 ιι11ος;
712 4296 793 4346 ullius
812 4292 972 4348 ommam?
988 4292 1023 4361 cs.
1041 4294 1094 4359 10;
1124 4291 1247 4347 (irasmi
1263 4290 1355 4346 amca

105 4375 193 4434 Οωονι.
210 4378 235 4446 4,
251 4378 305 4432 313
384 4381 559 4433 121ucretioa
628 4379 1355 4434 1onacuNEmBVSPouMATOSDRAMAr101

102 4465 173 4516 VEL
189 4465 310 4516 ncrwr
380 4469 411 4519 18
429 4466 548 4518 abelleno
