3150 5018
226 266 266 322 74
649 268 696 317 DE
713 266 894 318 COMOEDIA
912 266 1051 318 GRAECA

225 435 550 518 αὐτοκάβδαλοι,
584 443 671 519 φησί,
703 433 899 515 καλούμενοι
932 440 1189 518 ἐστεφανωμένοι
1222 445 1334 502 κιττῶι
1369 440 1486 521 σχέδην

224 543 397 622 ἐπέραινον
426 536 545 623 ῥήσεις·
577 537 713 621 ὕστερον
736 543 768 602 δέ
798 539 907 620 ἴαμβοι
930 537 1170 622 ὠνομάσθησαν
1192 537 1288 604 αότοί
1309 563 1342 604 τε
1365 546 1421 604 καὶ
1444 538 1485 605 τά

227 640 390 725 ποιήματα
413 641 532 707 αὐτῶν.
579 645 610 707 οί
632 645 664 705 δέ
688 636 913 720 ἰθύφαλλοι
920 690 929 720 ,
951 648 1038 724 φησί,
1072 636 1268 719 καλοόμενοι
1290 656 1485 724 προσωπεῖα

225 741 419 821 μεθυόντων
452 745 579 824 έχουσιν
612 748 666 807 καὶ
699 739 955 824 ἐστεφάνωνται,
993 748 1133 825 χειρῖδας
1166 741 1303 822 άνθινάς
1336 745 1484 825 έχοντες·

218 855 332 927 χιτῶσι
355 851 387 911 δέ
406 853 550 927 χρῶνται
572 841 782 922 μεσολεύκοις
803 849 858 908 καί
876 847 1085 926 περιέζωνται
1101 859 1298 926 ταραντῖνον
1314 844 1344 922 (l.
1363 870 1484 927 ταραν-

224 950 374 1026 τινίδιον)
395 943 564 1012 καλύπτον
587 943 706 1024 αὐτοὺς
727 949 817 1027 μέχρι
838 953 906 1010 τῶν
927 956 1081 1028 σφυρῶν·
1104 956 1186 1029 σιγῆι
1209 951 1241 1012 δέ
1263 945 1315 1012 διὰ
1337 955 1401 1013 τοῦ
1422 973 1484 1013 πυ-

225 1059 335 1128 λῶνος
357 1044 566 1128 εἰσελθόντες,
598 1044 678 1113 ὅταν
706 1045 788 1112 κατὰ
808 1051 907 1129 μέσην
928 1044 987 1129 τὴν
1009 1046 1191 1133 ὀρχήστραν
1213 1052 1381 1130 γένωνται,
1417 1051 1484 1115 ἐπι-

226 1157 422 1234 στρέφουσιν
445 1155 489 1228 είς
511 1147 548 1215 τὸ
571 1153 712 1232 θέατρον
734 1152 881 1229 λέγοντες

582 1248 717 1332 άνάγετ’
741 1250 941 1333 εὐρυχωρίαν
963 1277 1034 1317 ποι·

581 1369 642 1419 εῖτε
664 1362 724 1419 τῶι
744 1362 841 1419 θεῶι·
862 1355 963 1419 ἐθέλει
985 1351 1046 1436 γάρ

582 1455 610 1534 [δ
633 1453 719 1534 θεὸς]
742 1453 843 1537 ὀρθὸς
866 1457 1093 1535 ἐσφυδωμένος

669 1556 719 1623 διὰ
740 1560 840 1634 μέσον
861 1563 1009 1638 βαδίζειν.

222 1663 253 1724 οί
277 1663 308 1723 δέ
332 1657 611 1742 φαλλοφόροι,
641 1667 750 1742 φησίν,
772 1674 980 1742 προσωπεῖον
1001 1665 1060 1738 μέν
1079 1658 1124 1726 οὐ
1145 1657 1377 1740 λαμβάνουσιν,
1402 1684 1483 1742 προ·

224 1757 362 1826 σκόπιον
385 1760 420 1826 δ’
442 1763 477 1841 ἐξ
499 1758 664 1842 έρπόλλον
686 1764 920 1842 περιτιθέμενοι
942 1768 996 1826 καὶ
1016 1766 1215 1846 παιδέρωτος
1230 1758 1340 1826 ἐπάνω
1355 1758 1483 1828 τούτου

222 1858 421 1928 ἐπιτίθενται
445 1867 606 1943 στέφανον
630 1861 730 1928 δασὺν
753 1865 814 1928 ίων
836 1864 889 1927 καί
910 1872 1039 1929 κιττοῦ·
1061 1860 1227 1941 καυνάκας
1244 1888 1277 1928 τε
1292 1870 1485 1946 περιβεβλη-

130 2000 133 2008 ·
221 1969 314 2041 μένοι
337 1969 552 2048 παρέρχονται
581 1968 614 2030 οἳ
640 1970 699 2043 μέν
725 1967 759 2030 ἐκ
782 1961 929 2049 παρόδου
952 1969 985 2031 οἳ
1007 1970 1040 2031 δέ
1061 1961 1143 2031 κατά
1165 1963 1223 2042 τάς
1243 1968 1339 2044 μέσας
1361 1963 1482 2048 θύρας,

222 2074 392 2145 βαίνοντες
414 2070 449 2132 ἐν
472 2069 600 2149 ῥυθμῶι
622 2073 676 2131 καί
697 2070 846 2147 λέγοντες

492 2176 553 2250 σοί,
575 2165 688 2250 Βάκχε,
712 2165 805 2235 τάνδε
827 2176 954 2246 μοῦσαν
976 2169 1178 2250 άχλαίζομεν,

494 2270 623 2337 διπλοῦν
645 2268 774 2352 ῥυθμὸν
793 2273 922 2353 χέοντες
944 2270 1058 2337 αἰόλωι
1079 2275 1175 2352 μέλει,

490 2371 606 2439 καινάν
630 2371 884 2455 άπαρθένευτον,
907 2372 949 2439 οὗ
969 2400 1000 2439 τι
1022 2389 1092 2453 ταῖς
1114 2370 1219 2455 πάρος

491 2479 687 2559 κεχρημέναν
710 2473 866 2555 ωἰδαῖσιν,
890 2475 963 2541 άλλ’
985 2475 1148 2560 άκήρατον

491 2575 691 2659 κατάρχομεν
713 2575 772 2643 τὸν
796 2574 911 2656 ὕμνον.

223 2679 290 2743 εἶτα
320 2681 552 2760 προτρέχοντες
580 2676 746 2761 ἐτώθαζον
775 2676 834 2757 οὓς
863 2676 900 2762 δὴ
928 2683 1131 2763 προέλοιντο,
1160 2676 1279 2762 στάδην
1307 2682 1340 2743 δέ
1363 2679 1483 2760 έπρατ-

103 2769 107 2775 “
221 2805 362 2847 τον...
387 2780 404 2844 ὁ
437 2785 469 2846 δέ
498 2780 710 2864 φαλλοφόρος
739 2778 793 2848 ίθέ
822 2787 963 2862 βαδίζων
992 2783 1184 2863 (ίθυμβίζων
1206 2779 1351 2858 Voelker)
1382 2803 1483 2845 κατα-

221 2888 356 2960 πασθεὶς
378 2881 526 2951 αἰθάλωι.

308 2985 442 3067 Hesyeh.
458 2991 608 3069 δίκηλον·
631 2983 750 3067 φάσμα,
773 2983 858 3067 όψις,
882 2986 1028 3065 εἴδωλον,
1049 2992 1186 3068 μίμημα·
1208 2980 1288 3049 ὅθεν
1310 2990 1365 3048 καί
1387 2982 1406 3048 ὁ
1431 3009 1482 3063 μι·

221 3084 363 3167 μολόχος
385 3085 472 3169 παρὰ
487 3087 618 3153 Λάκωσι
641 3093 833 3171 δικηλίκτας.
870 3086 950 3149 Plut
965 3086 1056 3168 AgeS.
1075 3091 1124 3162 21,
1147 3087 1198 3149 ubi
1213 3085 1397 3168 Callippidas
1419 3096 1482 3148 tra·

220 3187 333 3269 goedus
356 3209 423 3250 cum
445 3189 587 3251 molestus
609 3199 696 3270 esset,
725 3190 916 3270 contemptim
937 3211 990 3251 rex
1011 3187 1084 3255 a’tt’
1099 3187 1139 3253 οό
1154 3174 1196 3253 σά
1210 3213 1254 3269 χε,
1279 3189 1386 3269 inquit,
1410 3190 1481 3254 ἐσσί

221 3297 441 3369 Καλλιππίδας
464 3289 481 3355 ὃ
506 3297 703 3374 δεικηλίκτας
709 3317 720 3370 ;
741 3291 779 3352 cf.
801 3291 912 3354 Weber
933 3292 1057 3370 Quaest.
1079 3291 1192 3353 Lacon.
1214 3312 1243 3372 p.
1259 3294 1309 3354 32.
1324 3293 1376 3353 45.

306 3393 440 3474 Hesyeh.
457 3402 487 3454 et
501 3393 587 3458 Phot.
604 3392 687 3457 snid.
703 3388 897 3471 ἰθύφαλλοι·
919 3397 951 3458 ολ
969 3395 1114 3475 ἐπίορκοι
1137 3397 1292 3473 (corrupte,
1314 3396 1346 3458 οἱ
1362 3393 1481 3473 ἐφοροι

220 3503 281 3559 τοῦ
292 3491 454 3561 Διονύσον
466 3495 601 3577 interpol.
613 3494 706 3574 suid.)
721 3500 772 3559 καί
787 3490 1050 3583 ἀκολουθοῦντες
1064 3504 1123 3560 τῶι
1135 3503 1273 3575 φαλλῶι,
1289 3502 1481 3574 γυναικείαν

222 3598 348 3677 ἔχοντες
370 3594 497 3679 στολήν.
543 3600 665 3677 λέγεται
688 3602 720 3662 δέ
742 3594 885 3678 <φαλλὸς
907 3594 1012 3680 Phot>
1037 3594 1091 3662 δτέ
1118 3602 1177 3675 μέν
1205 3593 1242 3662 τὸ
1266 3598 1481 3673 ἐντεταμένον

221 3703 356 3778 αἰδοῖον,
385 3697 439 3763 brt
471 3704 503 3765 δέ
526 3697 563 3764 τὸ
586 3705 707 3781 ποίημα
729 3697 766 3762 τὸ
790 3700 842 3762 ἐπὶ
863 3706 923 3764 τῶι
946 3701 1119 3776 ἱσταμένωι
1142 3707 1269 3779 φαλλῶι
1292 3694 1477 3774 άιδόμενον.

220 3800 296 3862 idem
319 3798 520 3881 είθόφαλλοι.
566 3802 652 3864 Eust
675 3804 767 3876 1413,
783 3805 823 3864 37
848 3802 959 3879 Αἴλιος
982 3806 1014 3866 δέ
1037 3799 1209 3880 Διονύσιος
1236 3807 1291 3866 καὶ
1317 3808 1379 3866 τοῦ
1407 3798 1481 3866 ἐθό-

221 3912 346 3983 φαλλος
368 3900 427 3985 τὴν
444 3900 543 3986 άρχὴν
567 3900 618 3969 διὰ
633 3900 814 3984 διφθόχχου
836 3900 961 3986 γράφει,
985 3899 1002 3968 ὃ
1021 3908 1124 3987 δηλοῖ,
1147 3910 1255 3986 φησίν,
1278 3908 1407 3969 αίδοῖον
1430 3907 1481 3968 ἐν·

219 4009 393 4082 τεταμένον
415 4011 468 4070 καί
485 4001 583 4085 άισμα
599 4003 816 4071 Διονυσιακὸν
840 4002 986 4088 Ἀθήνησι
1008 4012 1062 4070 καί
1084 4002 1247 4088 έταιρικὸν
1261 4008 1304 4086 δέ,
1327 4009 1480 4072 τουτέστι

220 4117 319 4189 φίλον
352 4124 422 4187 ταῖς
451 4109 613 4191 έταιρίσιν,
648 4112 681 4172 αἳ
713 4113 766 4172 καί
795 4105 1058 4187 άνασεισίφαλλοι
1092 4105 1294 4190 φερωνόμως
1325 4112 1480 4189 λέγονται

141 4203 143 4208 ’
219 4209 307 4293 παρὰ
336 4219 385 4294 τηι
409 4201 592 4287 Ικωμωιδίαι
616 4216 864 4286 ..Παυσανίας
895 4214 928 4274 δέ
958 4208 1009 4275 διὰ
1038 4205 1220 4290 διφθόχχον
1252 4208 1389 4292 γράφων
1423 4218 1480 4277 καὶ

218 4310 318 4391 ον’τός
341 4330 438 4396 φησιν
460 4309 511 4378 ότι
534 4310 732 4392 είθόφαλλος
756 4316 892 4392 αἰδοῖον,
914 4318 968 4376 καί
990 4309 1008 4377 ὁ
1029 4309 1200 4394 πρόχειρος
1222 4317 1266 4391 είς
1285 4321 1478 4397 συνουσίαν,

217 4421 271 4480 καὶ
293 4412 372 4497 ῶιδη
393 4412 566 4493 ὑπόκενος.
602 4415 641 4478 cf.
656 4415 805 4496 Harpocr.
819 4435 849 4495 p.
867 4417 936 4488 100,
949 4414 997 4477 22.v
1032 4413 1094 4478 An.
1108 4413 1206 4478 Bekk.
1223 4418 1347 4490 246,19
1363 4415 1479 4498 (Etym.
