3150 5018
695 275 862 332 SOPHRON
1345 273 1405 332 153

237 452 253 501 4
280 447 385 502 incerto
411 453 521 502 auctore
543 446 653 502 Solinus
677 446 788 502 Collect.
806 445 875 499 V13
903 449 939 514 (p.
958 450 989 499 56
1013 446 1137 500 Momms.
1160 446 1203 501 ed.
1222 451 1247 511 2)
1275 445 1409 514 quidquid

152 533 250 588 Sicilia
263 532 355 603 pipait
369 531 426 586 eive
442 531 494 586 coli
512 531 568 587 cive
584 530 703 586 bominis
719 529 840 600 iaperiio,
860 531 1022 599 proaimam
1044 535 1083 585 eet
1099 531 1142 585 bic
1160 547 1229 599 qaae
1247 530 1350 600 optima
1367 531 1410 584 ia·

153 618 281 673 elicarltar
298 657 305 671 .
320 657 326 671 .
344 616 387 671 bic
396 617 518 686 primam
531 616 643 671 inventa
655 615 798 683 comoedia,
817 615 860 670 bic
871 619 898 670 et
908 615 1045 671 cavillatio
1057 616 1209 671 primicola
1221 632 1318 670 ocoerra
1329 615 1411 670 stetit.

152 703 345 773 Epicharmum
364 702 431 757 dicit
447 708 476 757 et
493 701 672 770 Sophronem.

239 862 254 911 5
281 855 433 925 Sophronis
441 855 540 910 mimos
550 848 680 926 δράματα
690 852 810 921 appellet
821 854 978 910 Demetrius
990 856 1024 909 de
1037 855 1104 910 eloc.
1118 859 1175 920 156,
1186 855 1276 923 ipsum
1291 853 1411 922 Sophro-

153 959 217 998 nem
235 935 436 1014 γελωτοποιόν
454 938 510 993 1111κ
528 939 598 993 Plat.
616 955 643 1007 p.
656 944 680 1004 7,
695 942 726 992 10
744 937 815 993 Did:
836 935 961 1008 ἐζήλωσε
980 940 1009 997 δὲ
1026 943 1075 995 καί
1089 935 1236 1011 Σώφρονα
1254 934 1308 996 τὸν
1324 943 1410 1010 γελω-

155 1023 294 1092 τοποιόν,
317 1021 369 1096 τήν
385 1026 501 1096 μίμησιν
519 1014 619 1096 ώστιερ
636 1027 826 1096 κατορθῶσαι
842 1020 1035 1095 βουλόμενος·
1065 1021 1080 1080 ὃ
1100 1022 1156 1096 γὰρ
1173 1016 1325 1095 διαλόγους
1342 1019 1411 1095 γρά-

154 1133 219 1184 φων
235 1114 284 1168 καί
301 1111 420 1182 μίμησιν
442 1104 610 1180 προσώπων
633 1103 748 1178 εἰσάγει.
785 1108 963 1164 confunditur
979 1117 1063 1179 poete
1080 1111 1224 1164 mimorum
1242 1125 1302 1163 cum
1320 1108 1411 1161 mimis

155 1199 202 1266 qui
225 1197 300 1266 apud
321 1196 464 1249 Romanos
490 1193 664 1258 dicebantur,
687 1193 782 1261 quales
805 1202 945 1250 enumerat
968 1194 1071 1250 Athen.
1094 1194 1290 1263 Ip.19c.35.
1331 1193 1412 1247 simili

154 1298 245 1337 errore
271 1281 366 1353 Lydus
390 1281 424 1335 de
448 1280 570 1349 magistr.
594 1279 655 1333 141
684 1278 806 1350 Πίρσιος
832 1276 886 1335 τόν
913 1279 1033 1350 ποιητήν
1060 1277 1206 1352 Σώφρονα
1234 1275 1413 1349 μιμήσασθαι

154 1365 249 1423 θέλων
266 1370 326 1422 κτλ.

240 1523 256 1572 6
282 1518 439 1573 Demetrius
452 1517 486 1572 de
498 1517 565 1572 eloe.
580 1519 627 1569 128
637 1520 706 1594 τῶν
717 1517 748 1574 δὲ
762 1519 890 1590 χαρίτων
908 1514 938 1574 αἳ
954 1515 1008 1586 μέν
1025 1516 1079 1573 είσι
1095 1517 1227 1584 μείζονες
1244 1519 1293 1571 καί
1311 1510 1412 1583 σεμνό-

155 1623 249 1676 τεραι,
272 1603 302 1659 od
320 1607 382 1690 τῶν
400 1605 541 1673 ποιητῶν,
564 1599 595 1658 αἳ
611 1601 641 1660 δὲ
659 1597 782 1668 εὐτελεῖς
803 1605 914 1671 μᾶλλον
935 1604 984 1658 καί
1006 1596 1220 1673 κωμικώτεραι,
1244 1596 1413 1668 σκώμμασιν

154 1686 284 1753 ἐοικυῖαι,
302 1692 368 1744 olor
385 1684 415 1743 ai
432 1679 654 1758 Ἀριστοφάνους
669 1685 787 1760 χάριτες
802 1690 852 1743 καὶ
871 1682 1035 1756 Σώφρονος
1051 1687 1099 1741 καί
1117 1687 1233 1742 Λυσίου,

242 1846 256 1894 'l
285 1839 388 1895 Statius
412 1838 560 1904 Siluve,
574 1843 622 1892 156
648 1842 678 1893 ta
702 1845 814 1909 (patrem
838 1838 1004 1908 adloquitur)
1027 1839 1152 1908 pandere
1175 1839 1268 1892 doctae
1290 1835 1414 1891 carraiao

156 1926 308 1981 Battiadae
319 1925 489 1993 latebrasque
500 1923 689 1994 Lycophronis
701 1925 758 1979 atri
769 1924 965 1994 Sophronaque
981 1923 1145 1993 implicitam
1158 1922 1297 1991 teaaieqae
1314 1937 1417 1976 arcana

159 2010 302 2065 Corinnae.

244 2168 259 2217 8
285 2162 419 2217 Tatianus
436 2162 473 2217 ml
486 2161 581 2217 Graec.
599 2177 627 2232 p.
639 2166 681 2226 36,
695 2167 716 2214 5
728 2161 808 2216 Schw
826 2157 930 2233 λήρους
947 2182 978 2219 τε
997 2165 1046 2218 καί
1063 2163 1204 2232 φλυαρίας
1217 2156 1352 2230 Σώφρων
1370 2157 1414 2216 δια

159 2245 367 2319 συνταγμάτων
382 2245 533 2319 παραδοὺς
544 2242 732 2319 ἐνδοξότερος
741 2241 826 2317 χάριν
838 2250 888 2318 τῆς
903 2251 1089 2316 χαλκεντικής
1107 2241 1141 2318 [i]
1160 2241 1245 2316 μέχρι
1263 2247 1313 2300 νῦν
1330 2241 1416 2300 ἐστιν.

159 2349 230 2404 quae
253 2337 395 2387 enumerat
418 2331 561 2385 hominum
588 2332 720 2386 claromm
748 2331 890 2385 simulacra
916 2332 976 2400 ipse
998 2348 1028 2386 se
1048 2332 1154 2386 Romae
1177 2332 1205 2384 in
1228 2331 1295 2385 urbe
1313 2329 1418 2384 vidisse

158 2418 282 2483 simulat,
299 2416 334 2471 of.
352 2415 509 2471 Keikmann
526 2416 595 2470 Mus.
614 2416 667 2470 Rh.
685 2415 763 2469 XLll
780 2420 839 2469 489.

246 2576 262 2622 9
284 2569 373 2624 Schol.
387 2570 416 2623 in
426 2568 540 2637 Gregor.
551 2569 676 2622 Nazianz.
685 2567 728 2622 ed.
738 2567 916 2622 Montieucon
925 2569 997 2623 Bibl.
1009 2569 1093 2624 Coisl.
1101 2585 1128 2637 p.
1141 2573 1188 2622 120
1204 2569 1246 2626 toi.
1256 2568 1417 2623 Valckenar.

159 2656 273 2711 Theoer.
290 2671 318 2723 p.
330 2658 389 2708 200.
418 2653 530 2708 Norden
540 2653 714 2720 Kunstprosa
731 2667 759 2719 p.
771 2656 827 2717 46);
845 2650 877 2709 ἐν
895 2649 1000 2710 τούτωι
1018 2658 1070 2710 τῶι
1088 2650 1177 2725 λόγωι
1195 2649 1249 2709 τὸν
1268 2647 1415 2721 Συρακού-

161 2760 225 2798 σιον
244 2736 392 2812 Σώφρονα
409 2747 549 2806 μιμεῖται
584 2725 671 2801 οὗτος
692 2732 749 2807 γὰρ
771 2731 863 2805 μόνος
885 2742 1012 2809 ποιητῶν
1030 2736 1152 2811 ῥυθμοῖς
1174 2756 1230 2794 τισι
1247 2740 1296 2793 καί
1313 2733 1418 2801 κώλοις

159 2821 304 2897 ἐχρήσατο
323 2824 471 2893 ποιητικῆς
488 2814 645 2890 ἀναλογίας
661 2818 895 2893 καταφρονήσας.

247 2975 400 3046 Sophronis
421 2974 520 3029 mimos
542 2974 630 3029 edidit
647 2974 838 3043 Apollodorus
859 2976 941 3031 docto
964 2976 1160 3030 commentario
1184 2974 1355 3038 inlustratos,
1378 2972 1419 3026 di·

161 3062 268 3118 stinctis
284 3059 464 3116 muliebribus
481 3066 510 3115 et
525 3059 661 3125 virilibus,
679 3058 714 3114 cf.
726 3059 830 3113 Athen.
843 3061 884 3114 III
899 3065 930 3114 89
937 3078 961 3115 a.
973 3060 1027 3115 VH
1039 3059 1133 3114 309cd
1149 3057 1181 3116 ἐν
1199 3067 1260 3122 τοῖς
1273 3059 1343 3128 Περί
1357 3053 1420 3112 Σώ-

162 3166 280 3220 φρονος,
291 3145 346 3201 VH
359 3147 407 3199 281
415 3143 447 3200 ei
463 3141 495 3216 ἐν
507 3148 559 3200 uic
571 3143 596 3217 γ’
610 3148 681 3216 Περί
692 3141 855 3217 Σώφρονος
867 3148 919 3200 cuit
932 3141 971 3209 εἰς
983 3143 1050 3209 τούς
1062 3137 1219 3213 ἀνδρείους,
1233 3144 1267 3198 ο1.
1280 3143 1418 3198 eohoLBL

162 3233 244 3288 Hom.
257 3235 283 3286 Ε
300 3234 359 3285 516.
394 3229 457 3284 libri
474 3230 579 3298 primus
597 3236 625 3284 et
642 3229 778 3284 secundus
796 3229 926 3284 videntur
943 3230 977 3284 de
995 3228 1173 3284 muliebribus
1190 3228 1284 3282 fuisse.
1319 3245 1353 3283 ex
1370 3227 1421 3283 hac

162 3316 330 3386 Apollodori
347 3314 486 3369 divisione
508 3315 625 3383 primum
647 3313 785 3383 colligitur
803 3313 954 3382 Sophronis
975 3315 1074 3369 mimos
1096 3314 1195 3367 mixtas
1215 3329 1272 3367 non
1290 3314 1419 3369 habuisse

162 3417 295 3470 personas
311 3399 406 3454 viriles
423 3405 452 3454 et
468 3398 622 3454 muliebres.
658 3398 734 3467 quod
752 3405 783 3453 ut
797 3398 967 3466 permeatis
984 3405 1027 3453 est
1042 3398 1227 3463 memorabile,
1245 3399 1268 3452 si
1281 3399 1420 3454 diversum

163 3485 266 3542 diversi
284 3484 384 3540 saeculi
407 3483 481 3552 apud
499 3483 637 3538 Herodem
660 3498 739 3538 usum
762 3483 980 3550 comparaveris,
998 3483 1038 3536 ite
1055 3483 1278 3551 percommodum
1300 3485 1353 3539 fuit
1370 3484 1420 3539 So·

163 3571 278 3641 phronis
294 3568 423 3638 reliquias
441 3567 621 3642 dispositum:
639 3567 718 3622 facile
736 3567 808 3622 enim
826 3566 985 3635 plerumque
1004 3568 1146 3622 mulierum
1163 3569 1210 3624 vel
1226 3569 1347 3625 virorum
1366 3586 1421 3624 ser·

164 3672 260 3712 mones
278 3655 491 3723 distinguuntur.
527 3668 584 3707 non
601 3652 691 3706 minus
713 3667 780 3706 vero
803 3650 871 3704 illud
893 3652 975 3706 docet
991 3652 1159 3721 Apollodori
1180 3653 1291 3719 divisio,
1313 3663 1421 3722 praeter

163 3741 305 3796 hominum
323 3739 409 3794 vitem
428 3754 573 3806 moresque
591 3736 694 3791 nullum
717 3736 802 3790 fuisse
820 3736 964 3790 mimorum
983 3743 1181 3806 argumentum.

245 3842 280 3896 do
293 3840 436 3909 Sophrone
454 3840 568 3909 eiusque
585 3839 676 3893 mimis
694 3837 805 3908 egregie
817 3837 971 3905 disputavit
981 3838 1168 3893 Vackenarius
1184 3839 1213 3892 in
1226 3840 1421 3894 commentario

166 3928 201 3982 ad
212 3925 337 3982 Theociti
347 3925 540 3980 Adoniazusas
552 3925 666 3994 script03
683 3941 712 3978 v.
724 3923 806 3978 etiem
818 3921 931 3978 Oloirnii
944 3922 979 3976 ad
988 3923 1110 3977 Persium
1123 3924 1232 3992 Proleg.
1244 3940 1271 3992 p.
1280 3939 1350 3977 xcrrr
1359 3939 1420 3992 sqq.

166 4013 311 4066 mimorum
323 4009 452 4079 reliquias
468 4010 589 4080 conlegit
599 4026 657 4064 non
668 4009 789 4077 integras
802 4005 913 4061 Ahrens
925 4007 998 4062 Diei.
1010 4009 1038 4061 Π
1049 4013 1113 4075 464,
1130 4009 1251 4078 integras
1267 4009 1373 4062 Botzon
1391 4008 1420 4060 in

167 4113 258 4166 progr.
276 4094 439 4150 scholastico
456 4093 689 4164 Marienburgensi
709 4097 782 4146 1867.

689 4334 892 4342 --——-———-
