3150 5018
619 260 793 316 mufflor
809 263 964 318 ΔΡΔΜΑΊἎ
1357 269 1418 329 193

776 438 796 498 5

246 548 352 604 Athen.
363 548 431 604 XIV
444 548 512 603 6561
528 545 679 622 δελφάκων
695 550 726 608 δὲ
744 553 883 608 σιτευτῶν
901 545 918 609 ό
937 550 1163 628 φλυακογράφος
1177 559 1212 612 Σ.
1230 554 1420 628 (μνημονεύει)

159 632 193 693 ἐν
210 637 351 706 Βακχίδος
367 630 469 704 Γάμωι
489 625 582 700 ούτως

315 742 346 805 εἴ
364 763 430 805 που
452 745 607 818 κλίβανος
629 735 681 821 ἦν,
703 738 788 806 πολύ
812 744 933 821 δέλφαξ
955 739 1099 820 σιτευτὸς
1121 745 1261 825 ἔγρυξεν.

246 851 372 925 ίιρνξεντ
391 853 545 924 Schweigh.
614 869 711 909 versus
727 856 864 924 priapeus.

688 1031 896 1097 *ΓΑΔΑΤΑΙ

782 1169 801 1228 6

293 1272 304 1293 ⁰
366 1280 447 1365 παρ’
470 1282 519 1360 οἷς
542 1283 618 1359 ἕδος
640 1283 737 1362 ἐστίν,
758 1280 848 1365 ἡνίκ’
870 1283 911 1350 άν
934 1284 1118 1370 προτέρημά
1141 1314 1171 1352 τι

368 1385 403 1449 ἐν
425 1399 495 1463 τοῖς
516 1386 669 1462 πολέμοις
691 1381 825 1464 λάβωσι,
848 1383 941 1451 δύειυ
963 1402 1033 1466 τοῖς
1054 1397 1144 1467 θεοῖς

366 1483 445 1565 τούς
467 1482 708 1567 αἰχμαλώτους·
728 1483 841 1570 <τοὺς>
862 1485 1005 1566 Γαλάτας
1026 1489 1224 1570 μιμούμενος

364 1584 455 1670 κάγώ
478 1586 694 1654 κατακαύσειν
715 1585 864 1671 ηύξάμην
887 1604 955 1667 τοῖς
978 1595 1106 1669 δαίμοσι

334 1687 584 1768 δδιαλεκτικούς
607 1705 691 1773 τρεῖς
711 1698 780 1755 τῶν
803 1697 1145 1773 παρεγγεγραμμένων.

364 1789 504 1873 καὶμὴν
525 1801 719 1873 φιλοσοφεῖν
741 1800 929 1872 φιλολογεῖν
952 1792 985 1858 τ’
1007 1793 1154 1877 άκηκοώς

361 1891 446 1973 ύμάς
468 1897 624 1973 ἐπιμελῶς
645 1909 812 1978 καρτερεῖν
836 1894 877 1960 δ’
899 1899 1114 1979 αἱρουμένους

363 1995 423 2080 τὴν
445 2012 560 2080 πεῖραν
581 1994 660 2074 ὑμῖν
681 1993 826 2078 λήψομαι
853 2005 921 2062 τῶν
944 1994 1125 2080 δογμάτων,

363 2107 498 2182 πρῶτον
519 2105 703 2179 καπνίζων·
733 2097 795 2164 εἶτ’
817 2097 874 2165 ἐὰν
897 2099 1097 2177 ὀπτωμένων

320 2212 349 2263 10
363 2203 422 2267 ἴδω
444 2200 511 2267 τιν’
531 2198 627 2278 ὑμῶν
649 2180 858 2266 συστῖάσαντα
883 2199 922 2266 τό
945 2205 1067 2282 σκέλος,

363 2310 550 2386 Ζηνωνικῶι
572 2300 758 2386 πραθήσεθ’
780 2298 878 2381 οὗτος
899 2310 1015 2385 κυρίωι

364 2403 418 2469 ἐπ’
441 2406 613 2487 ἐξαγωγῆι,
635 2403 695 2488 τὴν
718 2402 879 2488 φρόνησιν
901 2404 1039 2486 άγνοῶν.

241 2537 348 2593 Athen.
359 2538 400 2594 IV
414 2537 505 2594 16005
523 2533 540 2595 ό
556 2533 678 2610 Μάγνος
696 2533 724 2594 Ὁ
735 2536 789 2607 μὲν
806 2533 901 2596 πάντα
919 2534 1045 2609 ἄριστος,
1064 2533 1126 2611 ἔφη,
1144 2534 1309 2612 Λαρήνσιος
1326 2535 1415 2606 ὀξέως

156 2626 206 2680 καί
227 2627 323 2689 καλῶς
341 2616 487 2695 ἀπήντησε
511 2627 565 2679 τῶι
587 2620 717 2695 γάστριδι
738 2625 801 2679 κυνί
819 2626 885 2697 περὶ
906 2627 959 2681 τοῦ
975 2620 1103 2697 κόγχων·
1127 2621 1183 2696 ἐγὼ
1202 2623 1232 2680 δὲ
1252 2623 1327 2682 κατά
1346 2619 1414 2690 τοὺς

156 2713 210 2766 τοῦ
227 2710 345 2779 Παφίου
363 2698 531 2782 Σωπάτρου
547 2703 683 2773 Γαλάτας
695 2700 783 2781 ιπαρ’
801 2702 846 2775 οῖς
864 2749 870 2763 .
889 2748 897 2764 .
915 2701 1052 2782 α’γνοῶν’.

241 2815 257 2864 3
276 2810 365 2880 suppl.
376 2811 483 2866 Pomon
544 2815 559 2864 6
577 2805 682 2882 καὶμὴ
700 2816 728 2864 et
745 2801 910 2883 φιλολόγων
928 2803 957 2867 τ’
974 2810 1017 2864 A:
1039 2825 1106 2865 corr.
1124 2809 1251 2864 Musurus
1313 2812 1328 2863 8
1346 2803 1412 2878 ὑμῖν

152 2947 265 3005 Ιοσοδεε
282 2941 346 3019 ὑγιῆ
420 2950 435 3001 9
453 2949 572 3020 πρῶτον
588 2947 696 3018 sen‘psi:
714 2895 846 3018 πρόότον
915 2950 945 3000 11
965 2941 1165 3018 παραθήσεδί
1188 2944 1304 3000 Oasaub.

543 3144 1021 3205 EVBOVAOOEOMBPOTOE

771 3280 788 3336 7

237 3388 342 3446 Athea
355 3388 396 3444 III
409 3387 459 3443 851
476 3382 511 3446 τὰ
524 3383 660 3461 παιδάρια
678 3383 704 3445 δ’
717 3382 793 3458 ἡνίκ’
814 3385 851 3446 άν
863 3388 903 3454 εἰς
914 3383 948 3444 τὸ
962 3383 1056 3456 στόμα
1068 3381 1198 3459 λάβωσιν
1209 3381 1270 3458 (τὴν
1281 3381 1407 3452 λεπάδα),

152 3468 250 3532 αὐλεῖν
265 3471 298 3531 ἐν
314 3470 431 3540 ταύταις
447 3477 495 3530 καί
513 3475 625 3542 παίζειν
643 3473 692 3539 (ait
703 3472 803 3528 Callias
815 3474 1014 3544 Mytilenaeas),
1030 3463 1167 3544 καθάπερ
1184 3473 1232 3526 καί
1250 3467 1321 3542 παρ’
1341 3465 1408 3542 ἡμῖν

152 3555 190 3617 τόι
209 3557 397 3634 σπερμολόγα
416 3563 475 3617 τῶν
496 3559 657 3630 παιδαρίων
674 3566 737 3623 ταῖς
753 3558 942 3627 καλουμέναις
958 3557 1112 3621 τελλίναις,
1135 3548 1174 3620 ὡς
1195 3557 1243 3610 καί
1261 3557 1295 3610 Σ.
1323 3557 1407 3626 φησίν

154 3638 170 3700 ό
189 3642 414 3717 φλυακογράφος
430 3641 462 3701 ἐν
480 3647 532 3700 τῶι
548 3641 782 3716 ἐπιγραφομένωι
798 3640 921 3717 δράματι
938 3634 1262 3714 Εύβουλοδεομβρότωι

401 3764 474 3831 άλλ’
496 3767 578 3847 ίσχε·
610 3772 756 3847 τελλίνης
777 3763 837 3848 γάρ
860 3767 1012 3846 ἐξαίφνης
1032 3766 1129 3844 μίγας

400 3867 502 3947 άκοίις
523 3865 679 3945 μελωιδὸς
700 3863 778 3950 ἦχος
800 3873 843 3945 εἰς
865 3864 941 3944 ἐμὰς
963 3867 1026 3947 ἒβη.

239 4006 251 4055 1
269 4000 359 4072 μέγας
377 4001 435 4056 OE:
453 4000 489 4070 μέ
506 4021 548 4066 τις
564 4001 605 4057 A·

660 4179 905 4239 ΙΠΠΟΛΥΤΟΣ

764 4312 783 4370 8

236 4426 341 4482 Athen.
368 4425 411 4480 111
435 4430 506 4481 101a
530 4425 626 4492 (vulva
649 4440 675 4492 q.
694 4423 721 4478 d.
742 4418 877 4496 ἐκβολάς)
901 4426 935 4479 Σ.
958 4416 986 4478 δ’
1008 4417 1040 4477 ἐν
1057 4419 1110 4490 μὲν
1132 4413 1300 4476 Ἱππολίτωι
1321 4417 1408 4488 φησίν

203 4519 587 4574 Κείλε1,1“τεηιο.ὒοω.6ταεσ.
601 4519 619 4562 1.
1170 4508 1201 4558 13
