3150 5018
646 271 814 322 DIOMEDIS
1197 267 1199 274 '
1322 272 1362 330 59

103 451 263 524 quentasse
284 450 314 502 et
335 429 376 504 sic
397 462 416 504 a
434 443 497 506 (loo
519 443 697 506 comoediam
719 444 784 506 dici.
870 452 959 504 antea
980 443 1079 524 itaque
1099 443 1275 524 galearibus,
1297 466 1362 507 non
1387 450 1403 508 7

103 544 239 625 personis
253 544 421 616 utebantur,
445 554 478 605 ut
492 545 620 625 qualitas
641 546 747 608 coloris
768 545 909 606 indicium
923 545 1033 607 faceret
1048 546 1159 620 aetatis
1182 567 1250 609 cum
1264 556 1364 609 essent

104 655 157 708 aut
185 644 248 707 albi
275 655 328 707 aut
356 647 431 726 nigri
460 657 512 708 aut
539 647 605 710 rufi.
649 648 783 728 personis
811 668 881 709 vero
909 647 953 708 uti
979 647 1091 727 primus
1120 649 1216 729 coepit
1236 649 1363 710 Roscius
1440 673 1442 678 ⁸

50 758 94 807 115
105 747 224 821 Gallus,
252 748 428 829 praecipuus
450 748 560 823 histrio,
587 749 668 830 quod
689 750 782 811 oculis
811 749 957 830 perversis
978 758 1041 810 erat
1069 769 1125 810 nec
1147 751 1218 811 satis
1239 749 1363 812 decorus

107 850 149 932 [in
170 848 316 932 personis]
339 850 397 911 nisi
417 852 565 931 parasitus
587 851 810 932 pronuntiabat.

189 952 280 1014 Initio
301 961 454 1033 togatae
475 952 643 1015 comoediae
657 952 838 1025 dicebantur,
861 951 942 1032 quod
956 953 1056 1013 omnia
1069 952 1101 1014 in
1116 954 1237 1035 publico
1252 955 1365 1016 honore
1383 955 1417 1017 X
1441 1012 1443 1019 .

105 1054 234 1117 confusa
253 1054 465 1128 cernebantur;
498 1075 574 1136 quae
595 1064 713 1134 togatae
734 1064 839 1135 postea
859 1055 890 1113 in
911 1063 1109 1133 praetextatas
1131 1066 1161 1117 et
1181 1056 1364 1119 tabernarias

104 1155 321 1219 dividebantur.
406 1166 523 1236 togatae
544 1152 666 1217 fabulae
686 1155 826 1217 dicuntur
852 1175 929 1236 quae
950 1155 1076 1236 scriptae
1104 1168 1175 1218 sunt
1198 1156 1362 1219 secundum
1387 1161 1406 1220 2

51 1265 94 1316 180
104 1259 178 1320 ritus
199 1267 229 1319 et
249 1257 392 1335 habitum,
404 1258 560 1321 hominum
581 1268 761 1338 togatorum,
789 1258 820 1318 id
841 1266 886 1318 est
907 1256 1111 1319 Romanorum
1133 1259 1213 1340 (toga
1234 1279 1363 1339 namque

104 1360 243 1423 Romana
263 1356 330 1441 est),
359 1360 437 1423 sicut
458 1381 578 1442 graecas
599 1360 720 1422 tabulas
741 1361 779 1422 ab
801 1358 905 1420 habitu
928 1379 1021 1439 aeque
1042 1359 1181 1440 palliatas
1203 1361 1301 1424 Varro
1323 1361 1364 1421 ait

105 1462 258 1524 nominari.
302 1472 417 1543 togatae
439 1473 549 1537 autem,
572 1484 640 1524 cum
654 1462 692 1524 sit
705 1461 843 1542 generale
865 1481 990 1535 nomen,
1013 1461 1176 1540 specialiter
1196 1473 1296 1524 tamen
1310 1483 1364 1543 pro

104 1562 280 1626 tabernariis
293 1584 357 1626 non
371 1565 459 1627 modo
473 1566 637 1627 communis
652 1586 732 1626 error
746 1573 878 1644 usurpat,
901 1564 952 1643 qui
966 1561 1076 1624 Afrani
1090 1573 1206 1644 togatas
1224 1563 1364 1645 appellat,

105 1665 158 1727 sed
178 1675 209 1727 et
229 1676 340 1747 poetae,
369 1676 403 1727 ut
425 1667 573 1729 Horatius
600 1667 651 1747 qui
680 1667 721 1727 ait
748 1669 794 1727 vel
823 1668 873 1743 qai
896 1671 1072 1742 praetextas
1098 1668 1146 1727 cel
1171 1668 1222 1743 qai
1244 1669 1366 1728 docuere

51 1776 94 1827 185
105 1773 222 1845 togatae
243 1773 284 1844 (a.
300 1789 333 1845 p.
348 1772 433 1843 288).
518 1779 687 1850 togatarum
714 1768 886 1831 fabularum
913 1768 1023 1848 species
1045 1776 1090 1829 tot
1111 1768 1172 1829 iere
1197 1776 1269 1829 sunt
1290 1775 1365 1847 quot
1388 1773 1407 1833 3

104 1880 134 1932 et
155 1869 353 1951 palliatarum.
397 1891 468 1932 nam
495 1871 590 1952 prima
611 1872 722 1951 species
744 1880 789 1932 est
816 1878 983 1949 togatarum
1004 1889 1080 1949 quae
1102 1879 1302 1950 praetextatae
1323 1869 1365 1931 di·

104 1982 222 2047 cuntur,
244 1972 277 2034 in
298 1972 407 2053 quibus
428 1973 637 2053 imperatorum
659 1973 779 2052 negotia
799 1970 966 2050 agebantur
986 1979 1015 2030 et
1030 1970 1151 2048 publica
1165 1982 1194 2033 et
1207 1992 1290 2052 reges
1305 1973 1365 2034 Ro·

103 2075 185 2136 mani
207 2073 256 2138 vel
277 2073 367 2136 duces
389 2073 579 2146 inducuntur,
605 2095 800 2155 personarum
821 2071 964 2152 dignitate
985 2081 1015 2132 et
1037 2068 1251 2157 [personarum]
1275 2073 1365 2136 subli-

103 2177 205 2238 mitate
225 2175 381 2256 tragoediis
404 2176 521 2239 similes.
564 2185 765 2255 praetextatae
787 2183 886 2236 autem
906 2172 1054 2246 dicuntur,
1083 2174 1153 2255 quia
1174 2175 1235 2236 iere
1260 2196 1363 2256 regum

49 2288 93 2339 199
103 2277 153 2342 vel
173 2278 406 2357 magistratuum,
437 2281 489 2358 qui
510 2288 663 2359 praetexta
684 2287 818 2350 utuntur,
847 2276 879 2336 in
901 2274 1043 2337 eiusmodi
1067 2275 1178 2337 fabulis
1200 2286 1267 2338 acta
1287 2298 1366 2339 com·

103 2379 337 2462 prehenduntur.
401 2380 533 2442 secunda
545 2381 655 2462 species
665 2379 745 2460 (est)
759 2388 926 2459 togatarum
940 2398 1016 2457 quae
1027 2377 1209 2440 tabernariae
1223 2379 1363 2441 dicuntur
1385 2384 1406 2442 4

104 2491 134 2543 et
153 2475 320 2543 humilitate
340 2501 536 2562 personarum
556 2491 586 2543 et
607 2492 848 2562 argumentorum
875 2479 1065 2542 similitudine
1092 2481 1248 2542 comoediis
1270 2501 1365 2562 pares,

104 2583 136 2644 in
163 2583 272 2664 quibus
304 2603 369 2644 non
396 2583 585 2664 magistratus
617 2604 738 2664 regesve
771 2584 823 2645 sed
851 2582 977 2644 humiles
1005 2582 1142 2645 homines
1175 2593 1204 2645 et
1233 2584 1366 2661 privatae

104 2685 210 2747 domus
231 2684 422 2759 inducuntur,
443 2706 520 2766 quae
542 2685 661 2767 quidem
683 2685 768 2760 olim,
798 2686 880 2766 quod
897 2684 1012 2746 tabulis
1033 2694 1208 2765 tegerentur,
1237 2705 1367 2746 commu·

10 2803 25 2846 o
53 2795 97 2847 195
110 2787 186 2848 niter
212 2786 353 2849 tabernae
380 2788 573 2852 vocabantur.
658 2789 743 2849 tertia
771 2788 882 2868 species
910 2785 978 2867 esti
1006 2786 1177 2848 fabularum
1203 2785 1365 2848 latinarum
1388 2794 1407 2851 5

105 2909 182 2971 quae
203 2910 222 2951 a
242 2888 366 2955 civitate
380 2891 527 2954 Oscorum
540 2889 652 2962 Atella,
673 2890 705 2949 in
726 2910 786 2970 qua
807 2890 934 2969 primum
955 2899 1083 2969 coeptae,
1106 2888 1274 2969 appellatae
1296 2899 1369 2950 sunt

103 2991 273 3066 Atellanae,
295 2994 476 3074 argumentis
491 2992 634 3074 dictisque
648 2990 829 3053 iocularibus
850 2989 958 3052 similes
974 2991 1105 3071 satyricis
1120 2990 1232 3052 fabulis
1246 2992 1367 3070 graecis.

104 3103 212 3175 quarta
233 3095 344 3175 species
366 3106 411 3156 est
431 3094 610 3177 planipedis,¹
633 3095 685 3175 qui
705 3113 808 3174 graece
830 3092 936 3154 dicitur
957 3093 1070 3158 mimus.
1116 3092 1182 3153 ideo
1205 3103 1303 3154 autem
1325 3095 1368 3154 la·
1390 3101 1408 3159 6

104 3197 167 3257 tine
181 3195 319 3277 planipes
333 3195 437 3270 dictus,
460 3197 539 3277 quod
556 3205 670 3258 actores
685 3195 811 3276 pedibus
826 3194 934 3275 planis,
957 3194 986 3255 id
1001 3204 1046 3256 est
1060 3193 1157 3268 nudis,
1179 3195 1366 3275 proscenium

49 3297 274 3372 attintroirent,
303 3318 366 3361 non
393 3307 427 3360 ut
453 3298 556 3379 tragici
583 3307 696 3360 actores
724 3317 792 3358 cum
820 3297 952 3359 coturnis
981 3317 1079 3378 neque
1108 3305 1142 3358 ut
1169 3298 1271 3359 comici
1298 3318 1367 3358 cum

107 3401 213 3474 soccis;
235 3402 298 3464 sive
319 3400 400 3481 quod
421 3400 493 3462 olim
514 3421 576 3461 non
599 3400 631 3460 in
645 3409 787 3478 suggestu
810 3419 935 3460 scaenae
957 3398 1008 3460 sed
1029 3399 1062 3458 in
1083 3398 1177 3479 plano
1199 3398 1367 3461 orchestrae

180 3588 229 3639 179
247 3587 311 3637 choo
327 3583 356 3638 B
407 3586 545 3650 galeribus,
562 3583 598 3651 cf.
612 3582 718 3637 Ollaria.
732 3584 778 3649 80,
789 3584 827 3636 10
880 3587 930 3637 174
948 3585 1009 3634 ruffi
1063 3588 1111 3636 175
1130 3585 1234 3647 euersis,
1252 3582 1288 3650 cf.
1300 3581 1368 3636 Keil

108 3669 289 3740 (Oiadeaat.
302 3670 373 3724 deor.
381 3671 404 3736 1,
419 3669 464 3738 79)
520 3674 569 3723 176
586 3672 641 3721 sine
653 3670 770 3734 personis
781 3666 907 3737 Laayiaa
952 3671 1003 3719 nisi
1015 3666 1113 3721 ora.M
1158 3672 1206 3720 177
1220 3670 1367 3719 comoediae

107 3771 165 3810 aaa
180 3757 248 3824 apte,
272 3754 406 3809 baeatus
423 3770 506 3808 cauea
592 3756 661 3818 quod
678 3755 765 3805 omnia
780 3768 835 3821 aa:
860 3751 925 3806 baec
941 3768 1002 3805 cara
1021 3749 1198 3805 Saetaaiaais
1215 3767 1236 3804 c.
1254 3749 1304 3804 XI
1307 3751 1333 3805 V
1351 3754 1370 3805 5

107 3838 292 3910 mmpmaaaa
313 3856 368 3895 case
389 3843 481 3895 maaet
503 3839 625 3894 Rabbow
694 3841 785 3907 togata
809 3841 836 3891 et
856 3837 899 3891 bic
920 3836 1054 3905 bifariam
1076 3835 1212 3890 dividitur
1236 3838 1263 3889 et
1277 3835 1309 3889 ia
1326 3852 1366 3890 ae-

108 3924 257 3994 quantibus,
281 3941 349 3980 uam
364 3942 412 3980 aec
428 3925 585 3980 Atellanam
603 3926 724 3992 togatam
747 3921 814 3976 dicit
829 3938 877 3976 aec
888 3921 1076 3991 planipedem.
1109 3921 1174 3974 item
1191 3919 1290 3974 Festus
1309 3921 1367 3973 352

109 4011 202 4080 (aliter
224 4010 324 4065 Vaener
342 4000 511 4080 art-620).
546 4008 581 4077 cf.
599 4009 636 4062 ael
653 4025 677 4061 v.
695 4009 752 4061 185
810 4013 858 4068 178
877 4015 1009 4074 pretextae
1026 4007 1063 4061 M
1113 4011 1170 4060 180.
1181 4011 1212 4059 81
1232 4008 1259 4056 id
1277 4012 1316 4057 cst
1333 4035 1368 4046 —

107 4103 147 4149 est
164 4112 217 4151 om.
234 4095 269 4151 M
338 4100 387 4151 183
410 4099 473 4161 quia
489 4097 562 4148 fauni
578 4101 676 4160 togatas
695 4097 776 4159 (togas
793 4092 870 4159 ΒΜ)
889 4095 1022 4159 appellant
1092 4096 1141 4145 185
1161 4090 1282 4144 turbavit
1298 4106 1367 4145 cotn-

104 4179 217 4249 pilator,
236 4179 284 4250 aui
301 4179 395 4235 debuit
409 4183 550 4232 latinarum
561 4210 595 4220 -
607 4187 670 4245 quot
682 4187 708 4230 et
718 4194 879 4244 graecarum.
903 4177 938 4245 cf.
950 4176 972 4229 I
981 4179 999 4230 4
1058 4182 1106 4231 186
1125 4179 1281 4243 pallatarum
1299 4175 1365 4244 AM,

108 4269 265 4331 pellatamm
281 4264 310 4318 Β
363 4270 411 4319 188
430 4273 456 4318 et
467 4272 676 4332 argumentorum
689 4262 825 4317 Bascama
878 4267 927 4315 189
938 4269 1093 4328 ‘praetextae
1105 4261 1167 4326 AB,
1186 4270 1323 4328 praetexta
1334 4260 1370 4316 M

149 4354 198 4404 194
215 4352 375 4403 inducuntur
393 4352 553 4416 (indicuntur
565 4349 600 4416 B,
618 4353 767 4403 indicantur
778 4348 826 4414 Μ)
844 4351 971 4413 quaedam
989 4350 1050 4400 olim
1104 4353 1152 4402 195
1172 4350 1332 4400 tabernariae

109 4439 158 4490 201
177 4439 326 4489 orchesthae
