3150 5018
681 222 875 284 COMOEDIA
891 226 1036 283 DORICA

681 491 709 551 2.
741 485 1025 550 EPICHARMVS

382 620 561 676 Insnnronrn

318 727 330 777 1
359 722 458 778 Suidae
476 714 651 795 Ἐπίχαρμος
668 717 789 792 Τιτύρου
806 715 825 791 ἢ
842 715 978 793 Χιμάρσυ
993 723 1043 777 καί
1059 723 1181 793 Σηκίδσς
1192 725 1312 790 (σικίδσς
1324 723 1387 779 cod.
1406 740 1435 778 v.
1453 723 1488 778 ad

232 807 265 863 fr.
277 811 344 873 125),
363 801 563 879 Συρακούσιος
579 801 597 877 ἢ
614 803 647 863 ἐκ
659 802 772 872 πόλεως
785 808 921 876 Κραστσῦ
932 809 991 861 τῶν
1003 809 1158 880 Σικανῶν.
1175 801 1209 875 ός
1225 798 1291 880 εὗρε
1308 807 1364 880 τὴν
1374 829 1487 878 κωμωι·

232 895 296 949 δίαν
312 890 344 949 ἐν
357 888 557 964 Συρακούσαις
574 882 634 961 άμα
648 887 778 962 Φόρμωι.
806 888 914 956 ἐδίδαξε
931 890 961 948 δέ
978 887 1110 962 δράματα
1123 888 1181 964 νβ’,
1199 886 1240 958 ῶς
1256 893 1287 950 δέ
1298 889 1408 951 Λύκων
1426 893 1487 965 (Ly-

129 1018 132 1024 .
231 992 327 1032 canem
339 977 477 1032 larensem
493 976 629 1046 intellegit
640 976 824 1033 Wilnmowitz
836 975 1055 1048 Pythagoreum,
1072 976 1107 1032 cf.
1118 977 1260 1033 Athen.X
1272 978 1355 1046 41813
1373 972 1402 1036 δ’
1420 974 1487 1036 Ἑλι-

231 1060 337 1129 κιόνιος
347 1061 455 1128 Ranae,
472 1060 536 1116 fort„
549 1062 579 1120 δέ
591 1058 766 1133 Λυκόφρων)
784 1063 862 1134 φησί,
880 1057 928 1119 λε’.
959 1061 1034 1128 τινές
1051 1061 1081 1119 δέ
1097 1055 1187 1119 αύτδυ
1200 1066 1299 1120 Κῶιον
1315 1056 1487 1137 άυέγραφαυ

231 1151 290 1203 τῶν
307 1143 380 1215 μετά
400 1143 520 1215 Κάδμου
537 1147 578 1212 είς
597 1148 732 1205 Σικελίαν
749 1138 991 1219 μετοικησάντωυ,
1009 1141 1092 1204 ἄλλοι
1104 1141 1226 1215 Σάμιον,
1244 1142 1328 1206 άλλοι
1346 1150 1486 1222 Μεγαρέα

232 1231 377 1304 ίμεγάρων
388 1230 470 1297 codd)
487 1234 547 1288 τῶν
563 1228 595 1288 ἐν
607 1233 746 1289 Σικελίαι.
776 1223 813 1302 ἦν
829 1231 859 1289 δέ
876 1225 935 1300 πρὸ
954 1234 1014 1287 τῶν
1026 1235 1176 1302 Περσικῶν
1193 1227 1242 1305 ἔτη
1255 1228 1283 1300 ξ
1294 1229 1441 1291 διδάσκων
1456 1232 1486 1292 ἐν

233 1313 446 1390 Συρακούσαις·
472 1317 505 1373 ἐν
521 1316 551 1374 δέ
566 1311 697 1387 Ἀθήναις
714 1311 821 1388 Εύέτης
836 1319 885 1373 καί
904 1307 1052 1388 Εύξενίδης
1070 1319 1120 1374 καί
1138 1316 1254 1384 Μύλλσς
1275 1315 1486 1377 ἐπεδείκνυντο.

310 1401 403 1470 Steph.
415 1401 447 1454 B.
458 1416 485 1470 p.
496 1404 555 1467 382,
566 1404 596 1455 13
616 1397 765 1472 Isauricae,
782 1396 866 1468 πόλις
878 1403 1015 1468 Σικελίας
1031 1404 1091 1458 τῶν
1103 1404 1237 1458 Σικανῶν
1248 1442 1256 1457 .
1266 1442 1273 1457 .
1284 1399 1319 1460 έκ
1330 1399 1438 1477 ταύτης
1453 1396 1487 1478 ἦν

231 1478 406 1558 Ἐπίχαρμος
425 1481 441 1542 ὃ
458 1480 587 1554 κωμικὸς
608 1490 657 1542 καί
675 1490 748 1553 Λαίς
764 1481 781 1555 ἡ
800 1484 915 1556 έταίρα,
938 1480 978 1553 ῶς
995 1481 1128 1557 Νεάνθης
1149 1483 1182 1543 έν
1198 1491 1251 1544 τῶι
1269 1491 1341 1559 Περί
1362 1486 1487 1556 ἐνδόξων

230 1564 353 1644 άνδρῶν.
413 1570 604 1641 Diomedeae
617 1567 666 1636 9,6
679 1576 771 1642 (supra
781 1589 808 1641 p.
818 1575 860 1638 58)
878 1573 944 1625 suut
960 1570 1007 1639 qui
1023 1570 1109 1626 veliet
1123 1569 1322 1640 Epicharmum
1339 1573 1372 1628 iu
1390 1574 1429 1630 Ga
1446 1575 1486 1630 ιἰι-

229 1655 292 1711 sula
309 1655 464 1710 exulantem
476 1655 602 1726 primum
618 1655 667 1712 ίιοο
683 1674 792 1712 carmem
808 1656 993 1726 frequentasse
1010 1659 1037 1710 ct
1051 1655 1090 1710 sic
1103 1674 1122 1710 a
1135 1655 1188 1712 Coo
1206 1658 1373 1715 comoediam
1390 1661 1454 1716 dc'cr'.

316 1780 331 1829 2
358 1775 477 1830 Aristet
489 1775 595 1830 Poet5
611 1791 638 1845 p.
650 1777 739 1832 1449b
753 1781 767 1830 5
786 1771 820 1832 τὸ
839 1777 869 1835 δὲ
885 1772 997 1845 μύθους
1014 1784 1108 1833 ποιεῖν
1124 1767 1292 1844 ίάιιέδωκεν)
1307 1770 1487 1852 Ἐπίχαρμος

233 1863 281 1916 καί
300 1857 423 1932 Φόρμις·
450 1854 485 1917 τὸ
503 1859 557 1929 μὲν
572 1858 605 1927 έξ
619 1853 710 1933 άρχῆς
732 1857 765 1917 ἐκ
783 1862 918 1926 Σικελίας
938 1851 1018 1932 ἦλθε.
1053 1860 1148 1915 ibice
1166 1877 1194 1930 p.
1208 1864 1296 1918 1448ε
1313 1868 1347 1918 30
1370 1861 1416 1922 διδ
1439 1867 1488 1923 καί

233 1938 450 2002 άντιπσισῦνται
467 1947 517 2016 τῆς
534 1964 566 2002 τε
583 1946 756 2018 τραγωιδίας
771 1948 820 2002 καί
837 1949 888 2018 τῆς
904 1945 1068 2014 κωμωιδίας
1085 1943 1113 2001 σί
1131 1949 1264 2015 Δωριεῖς·
1288 1951 1339 2020 τῆς
1355 1948 1411 2018 μέν
1431 1945 1487 2022 γάρ

232 2029 394 2099 κωμωιδίας
419 2025 448 2085 σί
467 2032 613 2102 Μεγαρεῖς
636 2025 667 2086 σί
684 2049 716 2087 τε
733 2027 860 2086 ἐνταῦθα
883 2031 924 2096 ῶς
944 2027 992 2086 aa
1015 2034 1065 2101 τῆς
1085 2023 1158 2102 παρ’
1177 2023 1274 2097 αὐτοῖς
1290 2037 1488 2108 δημοκρατίας

232 2114 386 2186 γενομένης
401 2117 451 2170 καί
469 2112 498 2172 σί
514 2112 548 2171 έκ
567 2115 714 2181 Σικελίας·
738 2112 851 2172 ἐκεῖθεν
867 2109 924 2187 γάρ
941 2106 976 2186 ἧν
990 2109 1166 2188 Ἐπίχαρμος
1184 2110 1200 2174 δ
1219 2113 1353 2190 ποιητής,
1376 2123 1488 2177 πολλῶι

232 2194 377 2271 πρότερος
394 2192 437 2254 ῶν
455 2201 600 2257 Χιωνίδου
615 2203 665 2256 καί
684 2195 845 2271 Μάγνητος.

316 2321 358 2384 3¹)
385 2317 470 2387 Diog.
482 2319 571 2373 Laeru
583 2319 652 2375 VIII
669 2325 685 2373 3
703 2313 1063 2391 ἘπίχαρμοςἮλοθαλοῦς
1076 2323 1179 2387 Κῶισς.
1209 2323 1258 2378 καί
1275 2311 1364 2390 οἶτος
1380 2320 1488 2395 ἤκουσε

232 2399 416 2475 Πυθαγόρου.
446 2412 623 2475 τριμηνιαῖος
639 2397 667 2460 δ’
684 2399 824 2477 ύπάρχων
841 2398 989 2478 άπηνέχθη
1005 2409 1055 2477 τῆς
1073 2408 1206 2472 Σικελίας
1223 2405 1263 2472 είς
1282 2406 1422 2481 Μέγαρα,
1444 2408 1487 2466 έν-

232 2492 335 2546 τεῦθευ
352 2482 379 2545 δ’
398 2487 439 2554 είς
456 2479 661 2558 Συρακούσας,
679 2480 720 2555 ιύς
737 2508 805 2561 φησι
821 2493 870 2546 καί
888 2484 977 2556 αύτδς
993 2487 1026 2547 έυ
1043 2498 1106 2556 τοῖς
1123 2481 1350 2562 συγγράμμασιν.
1377 2497 1428 2552 καί
1441 2486 1488 2552 αι’·-

232 2579 284 2632 τῶι
302 2571 349 2631 ἐπὶ
366 2577 419 2632 τοῦ
436 2564 606 2641 άνδριάντσς
620 2570 829 2646 ἐπιγέγραπται
846 2570 913 2632 τόδε

470 2654 500 2714 εί
513 2678 540 2714 τι
557 2653 755 2731 παραλλάσσει
772 2658 893 2730 φαέθων
909 2659 998 2732 μέγας
1015 2649 1097 2726 άλισς
1112 2656 1229 2734 άστρωυ

519 2746 569 2800 καί
586 2739 695 2808 πόντος
712 2747 853 2812 ποταμῶν
869 2737 983 2814 μείζον’
1000 2739 1059 2816 ἔχει
1076 2740 1202 2814 δύναμιν,

469 2832 542 2901 φαμὶ
559 2831 703 2886 τοσοῦτον
719 2822 775 2900 ἐγὼ
795 2830 896 2900 σοφίαι
914 2829 1048 2902 προέχειν
1066 2823 1251 2903 Ἐπίχαρμον,

522 2907 557 2970 όν
574 2915 677 2987 πατρίς
693 2906 873 2985 έστεφάνωσ’
891 2904 941 2972 άδε
959 2916 1159 2985 Συρακοσίων.

233 2987 319 3063 οὗτος
330 2989 523 3068 ὑπομνήματα
533 2998 742 3056 καταλέλοιπεν
758 2992 790 3054 έν
804 2991 847 3065 σίς
858 3003 1026 3071 φυσιολογεῖ
1042 3004 1224 3072 γνωμολογεῖ
1234 2999 1411 3072 ἰατρολογεῖ.
1437 3004 1487 3058 καί

231 3083 433 3154 παραστιχίδια
450 3081 483 3141 έν
500 3093 561 3151 τοῖς
576 3085 723 3150 πλείστοις
739 3086 799 3141 τῶν
810 3079 1025 3157 ύπσμηημάτων
1041 3085 1207 3156 πεποίηκεν,
1226 3078 1269 3151 οῖς
1286 3088 1423 3156 διασαφεῖ
1442 3077 1487 3144 ότι

230 3164 333 3224 ἑαυτοῦ
344 3163 405 3224 ἐστι
417 3163 454 3226 τά
467 3164 685 3243 συγγράμματα.
706 3168 789 3242 βιούς
801 3161 828 3225 δ’
841 3164 889 3241 ἔτη
901 3160 1073 3239 ἐνενήκοντα
1084 3168 1287 3242 κατέστρεφεν.
1308 3168 1342 3224 cf.
1353 3170 1486 3234 [Lucian]

230 3251 349 3307 Maerob.
362 3256 395 3305 25
416 3253 466 3307 καί
485 3243 573 3322 Ἑπίχ.
592 3251 622 3309 δέ
640 3245 656 3307 ὃ
675 3257 725 3326 τῆς
741 3255 904 3324 κωμωιδίας
920 3249 1039 3325 ποιητὴς
1059 3255 1108 3309 καί
1132 3246 1221 3320 αὐτὸς
1237 3249 1413 3326 ἐνενήκοντα
1436 3259 1487 3312 καί

231 3333 303 3394 ἑπτά
321 3329 369 3408 έτη
386 3334 498 3408 λέγεται
514 3340 627 3409 βιῶναι.

314 3459 330 3508 4
356 3454 428 3509 Plut.
436 3455 542 3509 Num.8
559 3447 595 3512 ‘E.
609 3449 625 3512 ό
637 3449 766 3524 κωμικὸς
780 3494 804 3509 ..
819 3449 943 3521 παλαιὸς
953 3449 1027 3526 άνὴρ
1043 3458 1092 3511 καί
1103 3458 1154 3527 τῆς
1166 3459 1370 3528 Πυθαγορικῆς
1381 3443 1487 3530 διατρι-

118 3558 121 3562 ’
229 3543 284 3612 βῆς
299 3535 488 3612 μετεσχηκώς.
518 3538 552 3594 cf.
570 3540 893 3613 Iambl‚vithth.266.
923 3541 957 3595 de
974 3540 1211 3613 Pythagoreorum
1229 3541 1328 3597 studiis
1344 3543 1488 3601 litterariis

231 3625 304 3680 idem
316 3625 412 3680 Iambl.
423 3628 484 3678 166:
493 3622 496 3627 ’
504 3621 536 3681 οἵ
544 3644 576 3682 τε
587 3627 808 3697 γνωμολογῆσαί
818 3646 845 3682 τι
857 3629 916 3682 τῶν
923 3621 998 3683 κατὰ
1012 3620 1066 3683 τὸν
1077 3626 1147 3698 βίον
1157 3621 1333 3698 βουλόμενοι
1345 3628 1400 3694 τάς
1410 3623 1488 3687 Ἐπι-

231 3703 346 3781 χάρμσυ
363 3710 493 3775 διανοίας
509 3707 708 3782 προφέρονται
724 3713 774 3766 καί
792 3710 896 3782 σχεδόν
912 3707 1020 3777 πάντες
1037 3708 1066 3767 σί
1083 3704 1242 3782 φιλόσοφοι
1258 3711 1440 3783 κατέχουσιν.

316 3834 331 3882 5
359 3827 500 3903 Columell.
511 3828 526 3882 Ι
539 3831 552 3881 1
572 3826 659 3882 Siculi
676 3845 779 3898 quaque
795 3844 852 3883 αοα
868 3828 997 3883 medum-i
1013 3845 1079 3883 σανα
1096 3828 1234 3898 martium
1250 3829 1326 3884 ιἐίαό
1343 3830 1372 3896 (i.
1385 3847 1410 3886 e.
1426 3849 1488 3888 rem

229 3913 371 3983 rusticam)
384 3912 522 3983 prosecuti
538 3915 605 3967 suut
614 3912 721 3968 Hieram
738 3915 765 3968 ct
779 3912 972 3984 Εφίιίιααααε.
1001 3913 1041 3968 sic
1052 3912 1155 3969 Statius
1167 3913 1264 3970 silv.V
1276 3920 1301 3981 3,
1312 3919 1360 3970 155
1378 3925 1489 3986 epatre

230 4014 260 4054 se
278 3999 405 4053 diffinisse
422 3996 570 4068 profitetur
593 4000 725 4066 φαααῖαια
737 3997 802 4068 μίσυ
819 3997 919 4053 carcat
934 4001 1050 4069 agrestes
1066 3997 1201 4052 Ascraeas
1218 3998 1378 4070 Siculusque
1395 4019 1488 4058 εεαοοι.

316 4121 330 4171 6
356 4117 453 4172 Iambl.
464 4116 515 4171 vit.
527 4115 609 4188 Pyth.
622 4120 670 4170 241
692 4112 890 4190 Μητρόδωρός
908 4136 940 4173 τε
957 4112 973 4173 ὃ
988 4111 1101 4187 Θύρσου
1117 4113 1294 4189 τοῦπατρὸς
1310 4107 1489 4189 Ἐπιχάρμου

311 4279 335 4370 ί)
358 4307 503 4358 testimonia
526 4321 591 4369 quae
614 4312 736 4356 secuntur
757 4309 864 4356 tertium
886 4311 1006 4370 quartum
1029 4307 1148 4369 quintum
1172 4312 1274 4357 sextum
1291 4307 1325 4356 nd
1342 4307 1489 4374 Pseudepi·

230 4394 406 4444 charncorum
423 4392 550 4441 librorum
568 4397 684 4442 auctores
695 4393 836 4456 pertinent,
855 4391 994 4454 dequibus
1010 4407 1037 4454 p.
1051 4393 1100 4443 133
1117 4393 1262 4442 accuratius
1278 4392 1408 4456 agendum
1427 4396 1487 4446 erit.
