3150 5018
247 293 289 354 82
673 295 720 344 DE
737 291 917 346 COMOEDIA
934 295 1073 347 GRAECA

248 464 332 549 παρ’
353 461 509 531 Εὐπόλιδι
537 469 592 528 καλ
620 461 638 529 ὃ
660 472 812 548 Κινησίας
841 463 928 549 παρὰ
950 461 1104 532 Πλάτωνι
1130 472 1184 531 καί
1206 464 1226 532 ὁ
1247 464 1400 544 Λάμπων
1422 492 1507 552 παρα

249 574 411 651 Κρατίνωι
449 571 502 630 καί
542 573 609 631 τῶν
637 571 918 645 κωμωιδουμένων
948 569 1100 644 έκαστος·
1140 564 1222 633 ὥστε
1250 575 1507 652 γραμματοδιδα-

250 678 401 735 σκαλεῖον
427 665 502 750 ἡμῖν
531 674 674 747 γίνεσθαι
702 666 741 734 τὸ
770 666 951 747 συμπόσιον
973 667 992 751 ἢ
1015 666 1111 748 κωφὰ
1136 675 1191 733 καλ
1213 667 1318 752 ἄσημα
1340 668 1381 737 τὰ
1405 671 1507 750 σκώμ-

249 797 335 850 ματα
363 773 576 851 διαφέρεσθαι.
623 771 754 852 sequitur
774 771 935 833 Menandri
955 771 1031 846 laus,
1061 770 1506 856 cf.Pluacomp.A1÷stopt

250 884 280 935 et
300 871 473 947 Menandri,
496 892 586 954 quam
606 871 817 954 Aristophanis
839 857 969 955 reliq'uiis
991 873 1188 955 praepositam
1209 873 1353 940 invenies.
1541 881 1543 888 '

338 1028 387 1088 12.
418 1022 586 1088 ΒῖοῬτιιε.
608 1046 650 1089 or.
671 1026 754 1088 Tars.
777 1028 803 1100 1,
828 1029 847 1089 9
877 1025 990 1105 (1299
1012 1024 1131 1105 Arnim)
1161 1023 1322 1109 Ἀθηναῖοι
1349 1025 1414 1112 γάρ
1444 1034 1507 1095 είω

251 1121 347 1205 θότες
374 1122 505 1192 άκοόειν
533 1136 641 1205 κακαῖς
668 1133 722 1192 καί
749 1124 788 1209 νὴ
810 1129 870 1193 Δία
899 1126 954 1193 ἐπ’
977 1124 1059 1193 caiti>
1086 1134 1186 1194 τοῦτο
1214 1125 1384 1208 συνιόντες
1406 1136 1452 1210 είς
1472 1130 1505 1197 τὸ

251 1232 392 1312 θέατρον
424 1226 469 1307 ὡς
497 1226 805 1313 λοιδορηθησόμενοι
835 1235 889 1294 καλ
916 1224 1160 1311 προτεθεικότες
1189 1227 1300 1309 άγωνα
1329 1238 1385 1296 καὶ
1418 1240 1507 1317 νίκην

252 1346 322 1409 τοῖς
350 1324 482 1409 άμεινον
511 1328 591 1396 αὐτὸ
618 1328 826 1415 πράττουσιν,
850 1330 912 1396 ου’κ
934 1329 1027 1396 αὐτοὶ
1048 1339 1147 1397 τοῦτο
1170 1327 1320 1413 εὑρόντες
1343 1332 1430 1401 aaa&
1451 1344 1508 1402 τοῦ

253 1442 335 1501 θεοῦ
357 1430 670 1513 συμβουλεύσαντος,
694 1431 944 1517 Ἀριστοφάνους
964 1438 1024 1512 μέν
1046 1426 1170 1515 ἤκουον
1191 1440 1245 1498 καί
1267 1442 1436 1515 Κρατίνου
1458 1445 1508 1502 καί

253 1533 447 1616 Πλάτωνος,
477 1541 531 1601 καλ
560 1531 698 1613 τούτους
727 1532 822 1600 ου’δέν
850 1532 953 1600 κακὸν
979 1537 1141 1618 ἐποίησαν.
1187 1537 1253 1600 ἐπεὶ
1275 1540 1308 1600 δέ
1331 1537 1507 1623 Σωκράτης

254 1633 333 1706 άνευ
363 1646 480 1721 σκηνῆς
507 1642 562 1701 καὶ
591 1642 703 1718 ἰκρίων
732 1638 831 1701 ἐποίει
858 1633 897 1701 τὸ
925 1645 986 1702 τοῦ
1007 1645 1088 1703 θεοῦ
1109 1633 1307 1721 πρόσταγμα,
1331 1639 1374 1705 οῦ
1396 1648 1509 1724 κορδα-

254 1748 354 1824 κίζων
384 1738 459 1808 ου’δέ
480 1745 660 1823 τερετίζων,
689 1737 748 1820 οὐχ
770 1737 954 1816 ὑπέμειναν.
998 1740 1114 1804 ἐκεῖνοι
1135 1744 1194 1816 μὲν
1216 1737 1276 1822 γάρ
1300 1737 1509 1824 ὑφορώμενοι

255 1850 309 1909 καὶ
332 1840 467 1920 δεδιότες
488 1839 547 1906 τὸν
570 1846 672 1923 δῆμον
695 1838 739 1918 ὡς
762 1837 920 1921 δεσπότην
942 1838 1122 1919 ἐθώπευον,
1144 1839 1244 1923 η’ρέμα
1267 1839 1446 1922 δάκνοντες
1460 1852 1508 1910 καί

254 1942 333 2024 μετὰ
355 1947 505 2025 γέλωτος,
529 1940 637 2025 ὥσπερ
659 1946 691 2007 αλ
712 1949 820 2008 τιτθαλ
841 1957 911 2019 τοῖς
933 1948 1083 2022 παιδίοις,
1107 1940 1187 2009 ὅταν
1210 1947 1274 2026 δέηι
1292 1970 1323 2009 τι
1338 1954 1410 2011 τῶν
1425 1945 1510 2030 άηδε·

257 2051 379 2130 στέρων
407 2059 492 2111 πιεῖν
521 2041 619 2125 ου’τά,
647 2048 868 2127 προσφέρουσι
894 2047 996 2122 μέλιτι
1021 2052 1171 2127 χρίσασαι
1193 2043 1251 2130 τὴν
1273 2044 1401 2116 κόλικα.
1449 2075 1509 2115 τοι·

256 2156 380 2230 γαροῦν
402 2148 564 2226 έβλαπτον
580 2145 638 2226 οῦχ
651 2141 750 2228 ἧττον
764 2144 844 2228 ἤπερ
861 2145 1023 2227 ω’φέλουν,
1045 2146 1220 2229 α’γερωχίας
1235 2155 1289 2212 καλ
1304 2148 1509 2229 σκωμμάτων

257 2255 311 2314 καλ
337 2254 541 2329 βωμολοχίας
569 2243 831 2325 ἀναπιμπλάντες
858 2243 917 2329 τὴν
944 2246 1049 2314 πόλιν.
1096 2247 1172 2314 ὅδὲ
1197 2247 1381 2331 φιλόσοφος
1402 2243 1511 2335 ἤλεγχε

258 2357 312 2417 καὶ
334 2352 504 2416 ἐνουθέτει

346 2508 393 2568 13.
424 2505 567 2584 Hermog.
593 2507 671 2584 Περί
691 2497 834 2579 μεθόδου
863 2497 1045 2583 δεινότητος
1067 2523 1091 2566 ο.
1114 2507 1155 2565 34
1176 2511 1253 2585 Περί
1275 2513 1338 2571 τοῦ
1362 2516 1511 2585 κωμικῶς

258 2611 369 2688 λέγειν.
414 2614 478 2671 Τοῦ
505 2612 655 2682 κωμικῶς
679 2606 782 2683 λέγειν
805 2599 869 2680 ἅμα
890 2607 945 2666 καλ
967 2599 1126 2669 σκώπτειν
1149 2605 1289 2688 α’ρχαίως
1310 2623 1397 2691 τρεῖς
1418 2613 1512 2686 μέθυ

259 2714 328 2774 δοι·
360 2705 398 2772 τὸ
426 2704 507 2772 κατὰ
536 2710 716 2787 παρωιδίαν
739 2713 854 2787 σχῆμα,
883 2701 922 2769 τὸ
944 2701 1031 2785 παρὰ
1053 2712 1269 2789 προσδοκίαν,
1301 2707 1340 2775 τὸ
1364 2712 1512 2797 ἐναντίας

259 2816 420 2876 ποιεῖσθαι
452 2805 509 2884 τάς
540 2803 666 2884 είκόνας
698 2815 749 2890 τῆι
783 2804 876 2886 φύσει
903 2815 972 2872 τῶν
999 2805 1205 2890 πραγμάτων.
1252 2807 1383 2877 τοότων
1412 2838 1513 2896 παρα-

260 2918 408 2993 δείγματα
436 2906 586 2988 λάβωμεν
615 2907 655 2974 τά
683 2913 742 2987 μέν
770 2911 804 2973 ἐκ
832 2917 894 2974 τοῦ
915 2919 1071 2992 κωμικοῦ,
1099 2908 1140 2977 τά
1162 2916 1195 2976 δὲ
1217 2914 1251 2977 ἐκ
1273 2921 1336 2978 τοῦ
1357 2921 1447 2996 βίου,
1475 2913 1512 2980 τὰ

261 3018 293 3078 δέ
321 3015 354 3078 ἐκ
381 3019 442 3078 τοῦ
470 3009 615 3094 ῥήτορος.
661 3011 794 3074 adfertur
814 3011 952 3091 deinceps
979 3014 1064 3090 primi
1090 3015 1205 3094 generis
1233 3015 1403 3094 exemplum
1424 3019 1512 3081 Arist

260 3116 353 3193 Vesp.
368 3119 418 3189 45,
448 3113 568 3176 alterius
589 3113 691 3174 comici
711 3114 813 3175 incerti
834 3114 870 3178 fr.
892 3114 939 3178 ad.
965 3118 1024 3177 187
1041 3115 1134 3178 Mein.
1177 3116 1214 3178 de
1234 3117 1320 3179 tertio
1341 3139 1453 3198 genere
1475 3121 1514 3182 sio

260 3218 368 3298 pergit:
391 3215 429 3282 τὸ
451 3221 484 3282 δέ
507 3217 661 3292 ἐναντίως
680 3221 818 3295 χρῆσθαι
839 3230 910 3293 ταῖς
931 3213 1030 3281 εἰκόσι
1050 3214 1132 3298 πρὸς
1147 3214 1186 3282 τὰ
1200 3220 1316 3301 μεγέθη
1331 3227 1401 3284 τῶν
1415 3244 1515 3304 πραγ-

261 3317 374 3397 μάτων
404 3316 491 3384 οῧτω
519 3324 655 3398 γίνεται,
686 3312 741 3380 ἐάν
769 3313 911 3396 μεγάλωι
937 3317 1055 3399 μικρὸν
1083 3317 1298 3396 α’ντιτιθιῦμεν
1319 3326 1374 3385 καί
1396 3332 1514 3404 μικρῶι

261 3424 349 3502 μέγα,
372 3420 445 3486 οἷον
464 3417 674 3500 “ἐμαχε’σαντο
696 3421 727 3483 ολ
749 3411 882 3499 όρτυγες
905 3416 950 3496 ὡς
964 3421 1044 3498 Δίας
1066 3427 1119 3486 καλ
1135 3417 1272 3503 Ἕκτωρ’
1299 3428 1355 3488 καὶ
1371 3420 1514 3508 ‘merop

262 3531 316 3589 καί
339 3519 493 3604 Ἀχιλλεὺς
523 3522 709 3601 ἐμαχέσαντι
746 3518 790 3599 ὡς
819 3518 1057 3603 άλεκτρυόνες’,
1085 3524 1164 3604 quod
1192 3524 1361 3602 exemplum
1392 3547 1458 3588 non
1479 3549 1515 3589 ex

263 3627 403 3706 scriptore
424 3625 475 3688 aed
496 3646 512 3685 e
529 3625 606 3687 vitae
627 3645 686 3687 usu
699 3623 801 3686 fictum
814 3633 867 3686 eat.
895 3633 960 3687 tum
974 3625 1105 3686 omnium
1118 3626 1207 3686 trium
1220 3646 1362 3706 generum
1377 3629 1517 3708 exempla

263 3737 403 3791 secuntur
423 3725 660 3789 Demosthenica

351 3883 399 3943 14.
432 3878 509 3940 idem
535 3879 603 3942 ibid.
631 3900 655 3941 c.
679 3882 719 3941 36
753 3884 928 3960 δημηγορία
958 3877 1107 3958 διάλογος
1140 3884 1304 3956 κωμωιδία
1337 3888 1516 3962 τραγωιδία

265 3978 426 4060 συμπόσια
448 3977 640 4064 Σωκρατικά
669 3975 720 4044 διά
750 4003 839 4057 τινος
866 3984 979 4060 διπλῆς
1005 3976 1147 4056 μεθόδου
1173 3976 1280 4045 πάντα
1302 3984 1515 4052 πλέκεται...

265 4089 446 4163 κωμωιδίας
469 4088 501 4148 δέ
523 4079 627 4164 πλοκὴ
648 4077 746 4162 πικρά
767 4087 820 4145 καὶ
843 4089 961 4162 γελοῖα,
984 4089 1052 4146 τῶν
1072 4085 1132 4160 μέν
1150 4090 1278 4165 πικρῶν
1293 4084 1518 4168 σωφρονιζόν-

265 4211 343 4267 των,
366 4194 433 4251 τῶν
455 4190 488 4250 δέ
509 4191 645 4266 γελοίων
667 4185 971 4264 παραμυθουμένων
994 4192 1060 4249 κτλ.

353 4344 402 4402 15.
427 4337 534 4402 Strabo
549 4338 566 4398 I
580 4357 609 4415 p.
618 4340 656 4399 18
668 4337 844 4415 Hipparcho
854 4337 904 4398 vel
912 4336 1073 4399 Posidonio
1084 4336 1159 4398 duce
1172 4346 1276 4398 contra
1285 4338 1519 4402 Eratosthenem

265 4441 422 4518 disputans
439 4440 476 4502 de
489 4439 621 4521 Homero
643 4441 774 4502 omnium
795 4440 957 4502 litterarum
979 4440 1143 4521 artiumque
1163 4449 1282 4501 auctore
1302 4441 1451 4519 principe:
1475 4441 1519 4520 ὡς
