3150 5018
222 268 264 328 80
644 268 691 317 DE
708 266 888 318 COMOEDIA
905 265 1046 316 GRAECA

223 450 292 506 κων
314 445 562 517 κωμωιθούνται
585 444 639 503 καὶ
661 435 738 503 ou'd'
754 432 847 502 οὗτοι
870 435 926 503 ἐὰν
947 433 988 517 μή
1013 433 1064 500 διὰ
1083 432 1409 518 πολυπραγμοσύνην
1433 443 1488 501 καί

223 541 274 610 διὰ
296 539 334 607 τὸ
357 547 463 623 ζητεῖν
486 544 587 605 πλέον
608 565 639 605 τι
661 541 742 620 ἔχειν
764 546 826 603 τοῦ
848 534 967 618 δήμου·
1001 534 1082 602 ὥστε
1104 534 1179 602 odat
1207 533 1286 614 τοὺς
1307 534 1487 616 τοιούτους

222 643 379 726 ἄχθονται
402 645 704 719 κωμωιὸουμένους.
750 640 789 703 cf.
811 639 968 722 Pletonine
990 639 1008 701 Ι
1031 642 1050 701 2
1072 640 1176 719 (supra
1196 659 1228 719 p.
1244 641 1285 716 3).

307 749 337 810 4.
369 744 471 808 Cicero
493 743 575 825 apud
596 743 727 825 August.
741 741 779 803 de
793 741 848 805 civ.
864 741 893 804 d.
907 741 942 802 H
959 744 977 804 9
1000 740 1071 820 (θέο.
1086 741 1162 821 Rep.
1177 741 1227 804 IV
1243 743 1309 820 11):
1331 761 1486 819 nunquam

224 848 396 921 comoediae,
418 847 479 908 nisi
500 847 673 908 consuetudo
693 847 774 906 uitae
790 849 955 921 pateretur,
978 845 1112 920 probare
1132 862 1189 904 sna
1211 845 1337 905 theatris
1362 845 1486 921 flacitia

218 951 392 1029 potuissent.
437 955 464 1009 et
489 949 600 1009 Graeci
623 948 739 1025 quidem
769 946 951 1022 antiquiores
971 945 1098 1006 vitiosae
1124 963 1197 1005 suae
1218 946 1366 1021 opinionis
1391 965 1485 1023 onan·

224 1055 294 1113 darn
316 1051 545 1113 convenientiam
565 1055 768 1123 seruauerunt,
791 1049 872 1124 apud
894 1065 964 1124 quos
986 1047 1047 1120 fnit
1068 1048 1157 1107 etiarn
1180 1047 1241 1124 lene
1255 1065 1433 1122 nncessnrn,
1455 1053 1488 1108 ut

226 1155 302 1232 quod
329 1153 417 1213 uellet
444 1153 593 1213 comoedia
622 1153 657 1212 de
685 1170 741 1229 qno
761 1152 849 1211 uellet
872 1150 1047 1211 nominatim
1069 1149 1179 1209 diceret
1201 1195 1208 1210 .
1230 1195 1237 1209 .
1260 1195 1267 1210 .
1290 1191 1299 1208 .
1321 1169 1406 1226 quern
1429 1150 1487 1210 illo

224 1275 282 1317 non
305 1255 406 1330 uttioit
425 1255 473 1314 vel
489 1255 591 1330 potins
614 1272 697 1330 quern
721 1272 778 1314 non
799 1252 941 1313 cenauit?
978 1251 1026 1311 cni
1042 1251 1199 1326 pennoti?
1236 1255 1302 1332 esto,
1319 1252 1488 1329 populares

226 1358 355 1420 tornines
375 1356 531 1432 inprobos,
554 1355 587 1415 in
608 1356 784 1432 republica
804 1355 966 1428 seditiosos,
993 1354 1125 1415 Cleonem
1150 1353 1352 1429 Oleopiontern
1366 1354 1487 1430 Hyper·

228 1462 324 1522 bolurn
346 1458 493 1519 laesit..
516 1502 523 1518 .
544 1457 595 1518 sed
616 1456 769 1531 Periclem,
794 1476 857 1518 curn
879 1458 942 1517 iarn
962 1475 1034 1517 snae
1057 1455 1175 1516 ciuitati
1198 1454 1333 1515 mamona
1357 1456 1488 1517 anctori-

227 1569 286 1624 tate
303 1561 453 1638 plurimos
468 1577 560 1620 annos
576 1559 655 1619 dorni
669 1564 697 1619 ct
712 1559 783 1620 belli
792 1555 984 1638 praefuisset,
1006 1558 1121 1618 violari
1134 1556 1269 1616 versione
1291 1561 1318 1616 et
1332 1557 1489 1634 enauitari

228 1667 260 1725 in
282 1681 390 1724 scaena
411 1680 469 1722 non
492 1661 595 1720 decuit.

313 1767 342 1827 5.
374 1763 521 1824 Horatius
542 1761 600 1823 ΑΡ
623 1764 684 1823 281
708 1770 867 1842 postquem
887 1761 926 1823 de
947 1760 1096 1842 Thespidc
1117 1768 1147 1820 et
1168 1757 1321 1839 Aeschylo
1342 1758 1435 1822 dixit:

476 1865 613 1926 successit
633 1869 715 1925 aetus
736 1865 784 1925 iris
805 1865 954 1925 comoedia
974 1883 1032 1924 non
1053 1864 1117 1924 siue
1137 1863 1231 1922 rnnlto

479 1968 584 2028 laude:
605 1967 657 2026 sed
678 1967 711 2026 in
732 1968 839 2027 uitinrn
862 1968 986 2027 libertas
1008 1965 1120 2026 excidit
1141 1969 1168 2024 et
1188 1964 1248 2024 oirn

479 2069 600 2145 dionurn
624 2069 683 2145 lece
705 2069 776 2146 reci.
822 2070 870 2129 len
891 2074 934 2128 est
954 2072 1074 2144 accepta
1097 2067 1256 2142 chorusque

475 2170 603 2246 turpiter
625 2171 748 2231 obticuit
768 2172 886 2232 subluto
910 2172 976 2230 inre
998 2169 1127 2231 nocendi.

317 2293 345 2352 6.
366 2286 466 2351 sihor
480 2287 535 2352 Ar.
549 2287 627 2351 Aolr
650 2292 690 2351 67
707 2286 764 2352 ἐπ’
778 2287 991 2365 Εὐθυμένους
1012 2285 1170 2369 ἄρχοντος
1188 2287 1226 2362 (n
1241 2282 1356 2367 437s6).
1391 2280 1493 2363 οὗτος

230 2390 249 2458 ὃ
274 2389 383 2475 ἄρχων
411 2387 468 2468 ἐφ’
495 2384 537 2454 οὗ
556 2385 719 2471 κατελύθη
747 2386 786 2453 τὸ
808 2386 957 2471 ψήφισμα
985 2385 1023 2454 τὸ
1046 2393 1203 2471 περὶτοῦ
1230 2384 1274 2469 μὴ
1295 2373 1495 2472 (ὀνομαστὶ)

231 2497 421 2572 κωμωιθεῖν,
447 2494 571 2571 γραφέν
594 2491 645 2554 ἐπί
667 2495 855 2574 Μορυχίδου
879 2494 917 2566 (a.
938 2488 1077 2572 44οή39).
1124 2493 1230 2571 ίσχυσε
1253 2494 1285 2555 δέ
1308 2487 1437 2556 ἐκεῖνόν
1460 2515 1495 2555 τε

232 2593 291 2661 τὸν
319 2590 470 2659 ἐνιαυτὸν
502 2598 556 2656 καλ
584 2590 642 2657 δύο
670 2591 749 2671 τοὺς
778 2594 850 2674 ἑξῆς
884 2595 935 2657 έπί
962 2600 1144 2658 Παναίνου
1173 2615 1206 2656 τε
1234 2591 1273 2672 (n
1293 2594 1404 2674 439s8)
1438 2599 1494 2657 καί

236 2692 406 2777 Θεοδώρου
422 2697 459 2774 (n
473 2692 591 2776 43st7),
619 2693 695 2772 μεθ’
720 2691 778 2771 οὓς
807 2693 860 2758 ἐπ’
882 2693 1096 2772 Εὐθυμένους
1118 2692 1288 2776 κατελύθη.
1334 2694 1374 2758 cf.
1398 2694 1494 2758 echoL

232 2798 314 2862 nub.
330 2800 380 2861 31.
408 2798 486 2860 nan.
503 2800 574 2860 501.
602 2797 696 2877 ευρ.
715 2800 807 2859 1291.

320 2905 348 2963 7.
369 2899 462 2963 Arist.
477 2899 555 2961 Ach.
572 2901 655 2962 1150
678 2897 862 2979 Ἀντίμαχον
890 2894 950 2962 τὸν
978 2893 1124 2975 noricos
1152 2895 1210 2962 τὸν
1241 2901 1411 2981 ξυγγραφῆ
1432 2896 1495 2963 τὸν

233 3005 358 3081 μελέων
386 2998 523 3082 ποιητὴν
554 2999 598 3077 ὡς
624 3004 683 3077 μὲν
713 3000 819 3065 inicio
847 2997 948 3079 λόγωι
970 3007 1078 3076 κακῶς
1101 3002 1275 3078 ἐξολέσειεν
1297 2997 1316 3064 ὃ
1339 2997 1435 3077 Ζεύς·
1458 2998 1496 3078 ὅς

234 3103 272 3185 γ’
294 3106 346 3182 ε’μέ
368 3101 426 3168 τὸν
449 3098 593 3184 τλήμονα
615 3097 740 3183 Λήναια
758 3111 911 3184 χορηγῶν
934 3100 1074 3167 α’πέλυσ’
1091 3100 1253 3167 ἄδειπνον.
1293 3100 1345 3164 ubi
1366 3102 1495 3165 scholia:

236 3202 337 3270 ἐδόκει
360 3208 392 3269 δέ
415 3201 434 3268 ὃ
458 3201 641 3283 Ἀντίμαχος
664 3198 763 3281 οὗτος
784 3200 934 3286 ψήφισμα
948 3207 1155 3285 πεποιηκέναι
1170 3200 1213 3284 μή
1228 3208 1295 3269 θεῖν
1310 3205 1497 3283 κωμωιὸεῖν

236 3310 270 3386 ἐξ
298 3303 468 3383 ὀνόματος.
514 3311 568 3370 καί
597 3307 649 3369 έπί
677 3301 797 3370 τούτωι
826 3312 946 3371 πολλοί
973 3315 1041 3371 τῶν
1069 3314 1215 3386 ποιητῶν
1238 3304 1280 3371 ού
1301 3315 1497 3389 προσῆλθον

236 3406 415 3491 ληψόμενοι
437 3405 496 3473 τὸν
519 3404 635 3490 καιρόν
656 3405 768 3489 ίχορύν
788 3407 917 3487 sads),
940 3412 994 3471 καί
1016 3413 1115 3490 δῆλον
1137 3403 1188 3472 ὅτι
1211 3415 1329 3474 πολλοὶ
1351 3417 1421 3474 τῶν
1440 3435 1498 3491 χο-

238 3519 363 3594 ρευτῶν
392 3511 541 3574 έπείνων.
595 3505 736 3591 ἐχορήγει
764 3512 797 3573 δέ
826 3502 845 3573 ὁ
874 3506 1057 3589 Ἀντίμαχος
1084 3515 1157 3575 τότε
1184 3506 1238 3575 ὅτε
1267 3507 1427 3592 εἰσήνεγκε
1456 3510 1498 3577 τὸ

236 3609 394 3696 ψήφισμα.
425 3609 499 3690 legis
513 3609 728 3673 Antimacheac
742 3596 881 3672 monronis
894 3631 933 3672 ex
947 3611 1026 3673 false
1040 3621 1144 3693 poetae
1158 3612 1400 3693 interpretatione
1415 3625 1498 3676 nats„

324 3719 353 3779 8.
374 3711 475 3776 schot
489 3712 544 3774 Ar.
559 3711 620 3776 Av.
638 3715 720 3775 1297
736 3719 960 3794 Συρακοσίωι·
982 3707 1081 3791 οὗτος
1102 3710 1163 3795 γὰρ
1184 3721 1251 3778 τῶν
1266 3719 1338 3796 περὶ
1353 3711 1392 3779 τὸ
1407 3722 1499 3797 βῆμα

238 3870 245 3884 .
265 3866 293 3883 ..
319 3821 409 3881 δοκεῖ
429 3817 461 3878 δέ
484 3819 538 3878 καλ
559 3812 708 3897 ψήφισμα
730 3818 906 3880 τεθεικέναι
927 3811 970 3897 μή
985 3820 1223 3892 κωμωισεῖσθαι
1239 3814 1398 3893 ὀνομαστί
1412 3842 1499 3898 τινα,

239 3913 284 3997 ὡς
311 3913 469 4001 Φρύνιχος
497 3917 531 3980 έν
554 3911 774 3996 Μονοτρόπωι
797 3924 875 3997 φησί
891 3914 999 3998 ‘racio'
1023 3918 1071 3997 έχε
1092 3914 1308 4000 Συρακόσιον,
1337 3918 1501 4002 ἐπιφανὴς

240 4018 300 4104 γὰρ
323 4018 425 4084 αύτῶι
447 4023 502 4081 καί
522 4021 602 4098 μέγα
624 4013 731 4098 τύχοι·
754 4016 902 4097 α’ωείλετο
924 4016 985 4100 γὰρ
1006 4025 1188 4096 κωμωιθεῖν
1211 4017 1269 4098 οὓς
1291 4017 1500 4097 έπεθύμουν’

239 4125 282 4201 (in
310 4121 419 4203 quibus
448 4119 524 4181 nihil
550 4129 663 4182 certum
683 4121 740 4183 nisi
762 4121 833 4195 hoc,
862 4130 1040 4202 anapaestos
1062 4120 1154 4183 fuisse
1175 4118 1300 4185 fortusse
1320 4142 1338 4182 e
1359 4123 1503 4203 parabnei

239 4224 366 4306 petitos).
419 4221 456 4283 de
482 4222 630 4304 Syracosii
661 4223 811 4302 rogatione
840 4223 940 4284 omnio
968 4224 1101 4304 pendent
1128 4244 1144 4284 e
1172 4223 1333 4305 Phrynichi
1360 4226 1503 4289 versibus

240 4334 317 4387 recte
338 4323 583 4404 interpretandis3
604 4345 661 4387 noe
683 4322 754 4403 quid
775 4334 863 4404 poeta
884 4323 989 4385 dixerit
1010 4326 1188 4405 ignoramus.
