3150 5018
128 224 186 333 μετ’
569 252 616 301 os
634 250 814 302 οσιιουοιι
831 249 972 301 amai

124 420 231 489 ,ούτω
252 429 438 504 μετεποίησε
459 428 611 500 βίβλους·
634 430 702 486 τῶν
718 418 913 504 Ἐλληνίδων
936 430 968 491 δὲ
989 426 1123 501 βίβλων,
1147 413 1261 494 (ὅςκαὶ
1277 425 1408 496 προλα-

141 522 211 606 βων
235 526 326 608 ἔφην,
348 521 406 602 τὰς
426 518 580 606 τραγικὰς
601 527 660 602 μέν
676 520 843 605 διιόρθωσε
864 526 912 591 δι’
929 522 1137 605 Ἀλεξάνδρου
1151 527 1212 583 τοῦ
1234 523 1408 599 Αἰτωλοῦ,

14 640 118 697 1³·118K
142 624 200 706 τὰς
221 635 278 709 τῆς
299 631 481 704 κωμωιδίας
508 630 540 690 δέ
568 622 619 690 διά
647 632 709 691 τοῦ
730 624 960 711 Λυκόφρονος,
991 625 1042 694 διὰ
1071 629 1104 690 δέ
1126 618 1310 705 Ζηνοδότου
1340 629 1408 686 τοῦ

144 729 289 810 Ἐφεσίου
311 726 369 805 τὰς
390 737 459 792 τῶν
481 735 608 793 λοιπῶν
621 736 778 810 ποιητῶν,
800 727 858 808 τὰς
875 729 1059 814 Ὁμηρείους
1075 731 1107 793 δέ
1122 722 1201 790 κατ’
1223 724 1407 805 ἐξαίρετον,

143 829 208 915 πρό
237 835 409 896 διακοσίων
438 835 491 894 καί
514 825 676 895 πλειόνων
703 831 862 896 ἐνιαυτῶν
884 839 1088 910 Πτολεμαίου
1110 836 1171 895 τοῦ
1197 827 1453 904 Φιλαδέλφουθδ

143 939 197 998 καί
229 940 286 1014 τῆς
312 928 517 1013 διορθώσεως
545 927 729 1012 Ζηνοδότου
763 940 969 1012 συντεθείσας
1002 938 1139 1015 σπουδῆι
1167 922 1408 1009 Πεισιστράτου

144 1027 232 1113 παρὰ
253 1037 321 1096 τῶν
349 1029 516 1114 τεσσάρων
543 1029 674 1098 τούτων
704 1042 834 1115 σοφῶν,
858 1033 1089 1117 Ππικογκύλου
1113 1032 1344 1113 Ὀνομακρίτου
1372 1053 1409 1094 τε

141 1130 309 1216 Ἀθηναίου
353 1131 514 1217 Ζωπύρου
558 1158 593 1198 τε
630 1133 853 1218 Ἡρακλεώτου
895 1143 949 1202 καὶ
984 1132 1217 1220 Κροτωνιάτου
1255 1130 1409 1214 Ὀρφέως.

98 1251 102 1260 ’
145 1240 196 1298 33.
224 1232 312 1301 ούτω
341 1240 400 1314 μέν
429 1238 463 1302 ἐν
488 1232 622 1318 χρόνοις
649 1245 711 1302 τοῦ
737 1236 969 1320 Πεισιστράτου
996 1253 1067 1316 τοῖς
1093 1239 1241 1319 τέσσαρσι
1269 1231 1411 1312 τούτοις

144 1352 260 1416 σοφοῖς
282 1342 315 1402 al
332 1337 496 1421 Ὁμηρικαί
519 1345 701 1418 συγγραφαί
723 1347 883 1420 τεμαχίοις
905 1337 1152 1424 περιφερόμενοι
1182 1339 1454 1418 συνετέθησανθσ

144 1445 198 1503 καί
219 1445 327 1518 βίβλοι
350 1442 517 1522 ἐγένοντο·
535 1438 669 1522 χρόνοις
691 1446 710 1506 δ
717 1440 736 1522 ',
759 1439 805 1520 ὡς
820 1444 911 1526 έφην,
933 1451 994 1508 τοῦ
1013 1444 1215 1519 Φιλαδέλφου
1231 1435 1320 1521 παρὰ
1342 1447 1412 1505 τοῦ

144 1539 329 1624 Ζηνοδότου
356 1539 574 1624 σόρθώθησαν.
612 1543 691 1621 μετὰ
719 1548 752 1608 δέ
774 1542 959 1626 Ζηνόδοτον
977 1541 1181 1626 Άριστάρχωι
1209 1537 1310 1606 πάλιν
1341 1539 1438 1633 ω’ρ-7

143 1641 302 1727 θσόθησαυ
323 1641 479 1726 τετάρτωι
500 1641 519 1725 ἢ
544 1642 568 1707 ε’
590 1643 655 1710 dai
678 1644 863 1728 Ζηνοδότου
877 1654 1034 1712 τελοῦντι.
1082 1651 1132 1708 34.
1154 1642 1217 1710 κᾶν
1239 1641 1258 1708 ό
1280 1666 1414 1726 πεφυρ-

144 1749 242 1824 μένος
263 1752 317 1810 καί
338 1742 495 1828 βδελυρός
514 1738 713 1829 Ἡλιόδωρος
735 1746 796 1812 ούκ
825 1747 916 1827 εἰδὼς
944 1746 964 1813 ό
992 1774 1023 1812 τι
1049 1756 1142 1830 ληρεῖ
1168 1744 1265 1827 φύρηι
1294 1740 1413 1811 πάντα

145 1853 199 1912 καί
221 1844 400 1926 σύμμικτον
422 1855 571 1913 κυκεῶνα
592 1855 720 1926 μᾶλλον
743 1854 775 1914 δέ
791 1859 962 1934 κοπρεῶνα
976 1858 1076 1932 ποιῆι,
1099 1851 1150 1913 ἐπί
1171 1843 1456 1928 Πεισιστράτου4σ

145 1946 204 2014 τόν
221 1947 367 2033 Ὅμηρον
390 1957 583 2031 συντεθῆναι
598 1955 652 2015 καί
675 1949 866 2033 ὀρθωθῆναι
882 1960 992 2034 ληρῶν
1008 1947 1095 2033 παρὰ
1116 1957 1184 2015 τῶν
1200 1945 1261 2028 οβ’,
1283 1949 1414 2031 έπικρι·

144 2058 243 2133 θῆναι
271 2054 304 2115 δὲ
332 2048 467 2117 πάντων
496 2048 556 2135 τὴν
578 2051 763 2134 Ζηνοδότου
793 2060 847 2118 καί
874 2050 1075 2137 Ἀριστάρχου
1105 2049 1258 2116 σύνθεσίν
1285 2074 1322 2114 τε
1350 2056 1413 2115 καί

147 2149 334 2234 διόρθωσιν,
357 2159 410 2218 καί
433 2151 516 2241 ημᾶς
539 2155 583 2218 έτι
606 2151 781 2236 νεάζσντας
796 2163 849 2220 καί
865 2153 1017 2238 πρώτους
1036 2150 1204 2237 ύπηνῆτας
1226 2159 1413 2231 τελοῦντας

147 2256 269 2319 ἔπεισεν
291 2252 399 2334 οὕτως
420 2260 520 2320 εἰπεῖν
542 2257 777 2337 ἐξηγουμένους
798 2255 857 2322 τὸν
874 2254 1023 2340 Ὅμηρον,
1045 2253 1091 2333 ὡς
1117 2261 1172 2320 καί
1195 2255 1297 2337 ίτεροί
1318 2279 1413 2336 τινες

147 2355 269 2437 κομφὸι
290 2364 344 2422 καί
367 2354 637 2440 αἰθεροβόμονες·
659 2358 709 2435 οίς
725 2356 766 2424 ἂν
787 2363 944 2441 καὶμέχρι
959 2367 1033 2437 μιᾶς
1048 2361 1164 2437 λέξεως
1180 2355 1412 2437 ἀβασανίστως
1424 2369 1455 2418 45

147 2462 298 2543 ἐπείσθην
320 2466 374 2524 καί
395 2458 436 2541 μη
460 2460 494 2522 έκ
515 2467 577 2524 τοῦ
599 2463 746 2536 κειμένου
768 2469 824 2544 τῆς
839 2469 978 2539 παλαιᾶς
991 2467 1109 2540 βίβλου
1130 2456 1169 2523 τό
1184 2457 1302 2540 άληθές
1325 2457 1411 2547 άπη-

147 2569 302 2644 κρίβωσα,
324 2559 402 2626 κατ’
431 2563 573 2639 ἐκείνους
602 2571 801 2645 παραληρῶν
830 2560 1023 2645 ἐφαινόμην
1053 2560 1131 2626 α’λλ’
1159 2558 1246 2640 ἅπαξ
1272 2566 1327 2626 καί
1357 2564 1410 2638 δίς

138 2672 246 2753 τοῦτο
276 2661 395 2728 παθὼν
431 2671 492 2727 τῶι
525 2659 673 2744 νεάζοντι
711 2661 792 2749 [τῶι]
826 2661 941 2729 ιπάθει
966 2661 1073 2742 μάθος
1108 2661 1242 2746 έθέμην’
1272 2663 1408 2739 (Aesah.

99 2837 104 2846 ,
146 2766 205 2844 Ag.
225 2767 307 2843 177).
352 2771 402 2828 35.
426 2771 479 2829 καί
501 2763 639 2843 τούτους
659 2769 718 2843 μέν
740 2764 856 2848 ἥγημαι
878 2763 1027 2845 κομψούς
1049 2770 1224 2848 αίθερίους,
1247 2761 1348 2842 αύτὸς
1370 2763 1408 2830 δ’

147 2869 271 2933 ἐκτῶν
292 2869 449 2944 κειμένων
471 2866 601 2932 α’νθέων
623 2876 691 2933 τῶν
712 2875 837 2946 βίβλων
860 2863 967 2950 ὥσπερ
989 2893 1037 2945 τις
1063 2866 1072 2891 ‘
1079 2871 1211 2946 primodo
1234 2863 1406 2949 φιλεργὸς’
1422 2879 1453 2929 50

148 2967 247 3034 ὁποῖα
269 2974 426 3051 δυναίμην
449 2977 666 3049 σιμβλοποιῶ,
689 2970 777 3047 οίμαι
800 2975 832 3035 δέ
854 2975 908 3033 καί
935 2977 995 3035 τῶι
1021 2973 1123 3048 μέλιτι
1152 2965 1297 3045 πολλοὺς
1325 2973 1410 3032 διεκ-

147 3075 274 3155 τρέφω·
296 3069 358 3135 κᾶν
379 3077 473 3148 μυῖαί
493 3096 577 3150 τινες
599 3077 770 3152 δυσγενεῖς,
794 3068 839 3149 ὡς
860 3069 935 3136 ούδέ
950 3079 1010 3137 τῶι
1030 3071 1171 3138 Ἀττικῶι
1193 3070 1267 3137 ούδέ
1283 3067 1408 3136 τούτων

147 3177 251 3256 ίζῆσαι
274 3169 464 3252 δυνάμεναι,
494 3170 582 3250 όμως
603 3171 711 3257 λάθρα
735 3169 797 3238 σύν
823 3171 1021 3257 ὁμοτρόποις
1047 3169 1288 3256 περιιπτάμεναι
1318 3197 1409 3255 περι-

146 3283 328 3354 βομβοῦσιν
350 3266 536 3357 άνήκουστά
558 3282 666 3340 τεκαὶ
688 3273 859 3359 παράληρα
881 3310 923 3323 -
946 3275 1029 3343 α’λλά
1055 3302 1112 3356 μοι
1140 3274 1240 3341 τόσον
1267 3271 1408 3359 (παρα)-

147 3375 341 3459 τροχάσαντι
364 3375 567 3459 ἀναληπτέον
589 3375 688 3443 πόλιν
710 3387 771 3444 τοῦ
793 3376 894 3459 λόγου
916 3377 956 3444 τὰ
978 3388 1095 3462 καίρια.
1417 3390 1449 3440 55

216 3651 250 3701 32
267 3665 293 3699 v.
310 3649 343 3698 ad
361 3649 409 3698 Pb
427 3645 444 3714 5
461 3648 494 3698 22
546 3649 580 3698 39
586 3662 641 3710 sqq.
660 3649 898 3701 mh01.1²laut.sie:
915 3647 1082 3703 Heliodorus
1092 3648 1181 3702 malla
1193 3647 1273 3701 aliter
1283 3645 1414 3715 amatur<

148 3748 217 3800 qaae
240 3731 317 3801 lampa
340 3730 457 3785 oomoioio
479 3729 564 3784 aeolos
585 3729 762 3798 reprehendit.
797 3748 864 3786 mam
882 3733 915 3788 ol.
933 3732 1059 3787 LXXII
1073 3732 1177 3788 daobas
1199 3729 1283 3786 doctis
1299 3729 1370 3784 airis
1388 3749 1408 3786 α

145 3815 288 3885 pisislrato
305 3815 368 3870 lmio
384 3815 490 3886 ιιιροίίο
503 3814 671 3883 praepositis
688 3815 756 3870 aiat
771 3816 910 3871 homerum
926 3818 969 3872 ita
979 3818 1066 3888 faisse
1083 3815 1266 3887 compositam,
1286 3813 1334 3883 ami
1346 3815 1407 3883 qul-

149 3900 210 3956 clem
234 3901 363 3956 zerrodali'
384 3903 411 3955 et
435 3898 581 3954 aristarchi
605 3899 745 3955 industria
771 3901 896 3956 ommibus
917 3903 1075 3971 praelatam
1096 3899 1305 3971 comprobamini
1333 3901 1408 3968 qma
1459 3960 1462 3966 ,

148 3989 254 4042 σωνοίαί
273 3985 360 4055 saissa
380 3984 571 4054 salsissimam.
607 3985 705 4055 quippe
721 4003 782 4040 oum
797 3986 870 4041 ialer
888 3986 1064 4056 pisistratum
1081 3989 1108 4040 et
1122 3985 1283 4040 zeramtam
1299 3985 1411 4054 γίνονταί
1429 3991 1432 3996 ’

149 4072 217 4126 amai
240 4088 327 4141 supra
349 4072 486 4138 ducentos,
515 4069 683 4133 aristarchus
704 4074 795 4126 aulem
822 4074 951 4139 ηιιαίδιισν
972 4071 1056 4126 ommis
1078 4071 1170 4126 τοίνυν
1190 4070 1277 4140 faerit
1295 4069 1356 4139 ipso
1381 4075 1411 4126 et

95 4175 98 4186 ·
149 4157 277 4211 amodoto
296 4161 376 4226 alque
390 4157 541 4226 ptolemaeo
593 4160 635 4209 39.
644 4162 678 4210 40
696 4160 791 4209 πάντα
807 4162 853 4208 καί
870 4159 974 4223 scripsi:
992 4163 1038 4210 καί
1055 4161 1149 4210 πάντα
1165 4160 1190 4208 Α
1242 4161 1276 4209 46
1293 4153 1409 4223 βιβλίου

150 4249 172 4294 A
228 4247 262 4296 48
287 4245 371 4294 ταδτδ
388 4245 450 4294 Keil
525 4246 558 4295 50
580 4237 837 4313 μέλισσαφιίεργδε
856 4244 995 4309 Gregorius
1012 4244 1135 4297 Naziana,
1152 4237 1249 4294 dixisse
1271 4245 1356 4293 fertur
1377 4243 1408 4293 in

149 4331 280 4380 Thesauro
298 4331 317 4380 l.
334 4345 373 4393 gr.
460 4331 493 4381 52
513 4323 649 4396 δυσγενεῖς
665 4327 702 4378 Δ1
718 4344 783 4378 oorr.
801 4345 835 4379 ex
854 4324 994 4395 δυσμενεῖς
1010 4335 1041 4380 ul
1058 4329 1164 4380 viderur
1239 4330 1280 4380 52.
1290 4331 1323 4380 53
1346 4329 1416 4381 forts

150 4409 233 4478 [οὐδέ]
254 4418 356 4465 τούτωι
375 4414 455 4478 ζῆσαι
473 4407 625 4464 δυνάμεναι
710 4417 751 4466 54.
761 4417 794 4466 55
812 4416 1068 4483 παρατροχάσαντι,
1086 4415 1118 4464 σί.
1136 4415 1184 4464 Ma
1202 4413 1218 4480 ξ
1236 4417 1252 4466 5
