3150 5018
651 284 825 334 nvnururr
1329 283 1368 342 63

67 452 206 519 ttomnis
227 454 359 530 poeticae
380 452 562 533 largissimus
585 451 654 514 fons
676 463 728 527 est,
752 455 839 516 etiam
860 455 907 517 his
929 456 1109 517 carminibus
1132 454 1268 530 exempla
1290 476 1373 534 prae·
1483 535 1488 542 ἱ

109 553 174 615 buit
195 563 224 614 et
245 553 329 615 uelut
350 553 502 634 quandam
530 574 650 614 suorum
677 571 799 635 operum
825 556 920 638 legem
941 557 1142 637 praescripsit:
1176 559 1226 637 qui
1248 557 1373 618 Iliadem

108 655 147 717 ad
161 657 256 718 instar
270 656 445 738 tragoediae,
468 654 628 735 Odyssiam
650 655 688 717 ad
703 658 859 738 imaginem
881 658 1047 720 comoediae
1063 659 1166 720 fecisse
1180 669 1371 723 monstratur.

107 779 179 820 nam
200 768 270 840 post
292 759 372 821 illius
393 758 453 819 tale
474 766 652 837 tantumque
673 756 884 821 documentum
906 760 944 821 ab
962 761 1202 841 ingeniosissimis
1224 761 1372 824 imitatori-

107 860 166 923 bus
186 870 217 922 et
237 860 352 941 digesta
374 868 446 922 sunt
467 860 498 919 in
520 858 653 933 ordinem
674 869 712 935 et
725 860 820 923 diuisa
841 872 950 923 cuncta
972 884 1048 943 quae
1069 863 1159 924 etiam
1180 872 1244 923 tum
1264 872 1371 924 temere

29 982 33 987 ’
65 962 319 1036 30scribebantur,
348 961 447 1023 adhuc
468 960 600 1040 impolita
630 971 719 1041 atque
746 964 777 1024 in
800 964 870 1044 ipsis
892 963 1064 1025 rudimentis
1086 963 1309 1045 hautquaquam
1337 975 1372 1026 ut

106 1073 211 1145 postea
224 1064 306 1126 facta
320 1073 392 1126 sunt
405 1063 519 1127 decora,
533 1072 621 1142 atque
636 1063 722 1128 leuia
796 1075 954 1146 postquam
976 1064 1225 1127 demonstrandae
1246 1067 1365 1148 originis
1390 1071 1407 1129 6

106 1185 199 1227 causa
219 1165 257 1227 de
271 1167 426 1246 utriusque
446 1165 562 1245 generis
584 1165 667 1227 initio
688 1165 823 1239 diximus,
846 1167 927 1246 quod
949 1187 1068 1228 necesse
1090 1177 1136 1228 est
1157 1168 1215 1229 iam
1229 1168 1369 1242 dicamus,

107 1266 181 1328 adeo
203 1276 238 1329 ut
257 1288 291 1329 ea
314 1289 391 1349 quae
411 1267 528 1349 proprie
549 1266 586 1327 de
607 1267 757 1347 tragoedia
777 1267 903 1329 dicenda
924 1277 996 1330 sunt
1016 1269 1104 1330 titulo
1125 1271 1268 1347 propositi
1288 1290 1371 1332 nunc

107 1372 204 1450 operis
225 1371 372 1432 instantes
394 1370 426 1430 in
447 1369 507 1431 alia
528 1378 661 1446 tempora
682 1369 851 1432 differamus
877 1381 907 1432 et
928 1370 964 1431 de
985 1370 1031 1432 his
1054 1369 1165 1433 fabulis
1188 1371 1245 1432 iam
1267 1371 1371 1452 loqua-

70 1483 179 1533 35mur
199 1493 274 1553 quas
296 1473 454 1534 Terentius
476 1471 605 1531 imitatus
627 1480 679 1533 est

78 1618 81 1622 Α
192 1573 396 1636 Comoedia
423 1574 484 1635 fere
512 1582 624 1634 uetus
657 1582 691 1633 ut
719 1574 784 1651 ipsa
813 1595 932 1654 quoque
964 1573 1035 1636 olim
1062 1573 1212 1654 tragoedia
1239 1574 1365 1652 simplex
1385 1577 1420 1639 Π

13 1732 16 1737 .
106 1695 240 1749 carmen,
270 1674 519 1757 quemadmodum
548 1676 605 1735 iam
633 1674 774 1748 diximus,
803 1675 872 1750 fuit,
902 1675 983 1757 quod
1004 1676 1112 1737 chorus
1133 1676 1210 1737 circa
1231 1695 1297 1737 aras
1319 1676 1369 1737 fu-

107 1787 223 1840 mantes
245 1799 329 1839 nunc
351 1778 496 1856 spatiatus
518 1797 601 1838 nunc
623 1777 789 1855 consistens
811 1798 894 1838 nunc
916 1776 1077 1839 reuoluens
1099 1799 1187 1859 gyros
1215 1798 1284 1839 cum
1305 1777 1369 1839 tibi·

106 1880 173 1941 cine
193 1879 377 1942 concinebat
464 1879 516 1940 sed
537 1879 632 1956 primo
658 1900 721 1939 una
749 1899 912 1957 persona
939 1889 984 1940 est
1012 1879 1159 1941 subducta
1186 1878 1365 1952 cantoribus,
1390 1886 1408 1944 2

69 1994 187 2062 ltquae
217 1982 402 2060 respondens
435 1981 556 2043 alternis
590 1975 634 2063 [id
655 1980 711 2060 est]
743 1981 833 2042 choro
866 1980 1060 2059 locupletauit
1092 1982 1276 2061 uariauitque
1307 2002 1369 2042 rem

107 2083 265 2146 musicam:
287 2091 351 2144 tum
365 2083 466 2155 altera,
488 2092 553 2144 tum
574 2083 666 2155 tertia,
689 2091 719 2143 et
739 2082 778 2143 ad
799 2091 981 2159 postremum
1001 2093 1150 2145 crescente
1171 2103 1296 2144 numero
1317 2104 1370 2164 per

108 2194 243 2248 auctores
264 2186 397 2247 diuersos
419 2205 563 2263 personae
584 2185 684 2262 pallae
710 2184 848 2245 cothurni
871 2184 947 2245 socci
975 2194 1004 2246 et
1025 2187 1112 2246 ceteri
1134 2195 1257 2247 ornatus
1280 2195 1370 2266 atque

108 2288 237 2368 insignia
264 2288 527 2349 scaenicorum
556 2296 685 2365 reperta,
714 2295 743 2347 et
764 2286 803 2346 ad
824 2285 881 2347 hoc
902 2285 1061 2368 unicuique
1082 2309 1155 2348 suus
1177 2288 1311 2361 habitus;
1340 2297 1370 2348 et

108 2390 148 2452 ad
169 2389 307 2463 ultimum
334 2390 386 2469 qui
407 2389 568 2466 primarum
588 2389 729 2466 partium,
758 2387 955 2450 secundarum
977 2383 1126 2474 [partium]
1152 2391 1368 2470 tertiarumque,

71 2493 162 2573 etqui
191 2493 288 2574 quarti
315 2490 373 2552 loci
405 2501 495 2571 atque
522 2490 693 2570 quintarum
725 2499 838 2552 actores
870 2499 969 2552 essent
1000 2490 1189 2552 distributum
1218 2501 1248 2553 et
1273 2491 1370 2553 diuisa

108 2593 347 2675 quinquepartito
374 2603 442 2654 actu
470 2601 515 2653 est
541 2601 604 2653 tota
631 2591 743 2653 fabula
829 2612 906 2672 quae
933 2602 1033 2653 tamen
1060 2594 1092 2654 in
1117 2594 1188 2671 ipsis
1216 2604 1298 2655 ortus
1321 2594 1367 2655 sui
1389 2601 1407 2660 3

107 2696 193 2757 uelut
214 2694 393 2777 quibusdam
414 2694 605 2757 incunabulis
627 2704 656 2756 et
670 2694 796 2755 uixdum
817 2695 961 2772 incipiens
984 2694 1130 2776 ἀρχαία
1152 2699 1317 2771 nepotata
1339 2704 1369 2755 et

108 2797 171 2862 ἐπ’
193 2794 401 2874 ὀνόματος
422 2783 505 2857 dicta
514 2807 573 2858 est:
597 2795 712 2877 ἀρχαία
733 2795 840 2857 idcirco
862 2797 932 2876 quia
953 2796 1039 2859 nobis
1061 2817 1116 2874 pro
1130 2816 1226 2873 nuper
1244 2796 1368 2875 cognitis

108 2909 194 2963 vetus
221 2908 278 2972 est,
308 2897 363 2963 ἐπ’
385 2895 546 2975 ὀνόματος
575 2907 673 2959 autem
700 2898 772 2977 quia
799 2898 877 2959 inest
904 2899 935 2958 in
963 2918 998 2959 ea
1026 2897 1110 2958 uelut
1136 2897 1273 2958 historica
1294 2896 1367 2958 fides

72 3012 197 3062 50uerae
218 3001 394 3063 narrationis
415 3011 445 3063 et
465 3000 667 3062 denominatio
689 2999 811 3074 ciuium,
839 3000 876 3061 de
898 3000 1006 3081 quibus
1028 2999 1118 3062 libere
1140 2999 1367 3062 describebatur.

109 3103 218 3164 etenim
238 3124 292 3182 per
305 3103 418 3181 priscos
439 3111 541 3181 poetas
563 3123 627 3163 non
648 3112 683 3162 ut
703 3122 785 3163 nunc
807 3102 876 3163 ficta
896 3102 1015 3179 penitus
1037 3109 1212 3182 argumenta
1233 3101 1286 3162 sed
1306 3122 1366 3163 res
1387 3111 1408 3169 4

195 3342 228 3393 26
247 3341 358 3404 quadam
374 3336 436 3405 AV,
463 3335 632 3402 quaedamO
698 3327 770 3389 suam
788 3337 814 3389 A
883 3341 938 3403 lege
1015 3337 1168 3402 perscripsit
1188 3335 1240 3391 GV
1304 3338 1367 3388 idia-

109 3424 206 3476 demA
249 3427 283 3478 27
301 3426 335 3476 ad
347 3422 431 3492 prius
448 3419 566 3476 0ch
608 3426 641 3475 29
659 3429 763 3474 cuncta:
782 3431 842 3474 sunt
860 3440 890 3475 ea
908 3426 978 3487 (sunt
991 3438 1042 3475 om.
1057 3421 1179 3476 Vettium
1197 3420 1269 3475 alias
1285 3420 1368 3475 loter-

26 3502 30 3507 ’
56 3532 59 3536 ·
106 3508 230 3578 polatus)
300 3513 332 3562 31
356 3511 428 3560 lenia
496 3514 632 3572 postquam
648 3537 683 3544 -—
700 3509 815 3559 dicamus
834 3507 939 3561 madito
952 3509 1019 3576 post
1034 3510 1150 3558 imitatus
1167 3513 1206 3558 est
1274 3511 1315 3560 33.
1334 3511 1368 3560 34

110 3597 236 3661 propositi
255 3597 355 3660 (praep.
372 3595 436 3647 octe
453 3608 521 3646 corr.
533 3590 567 3657 Ο)
586 3594 704 3658 operisue
721 3594 842 3644 instantis
857 3592 908 3647 CV
957 3597 990 3646 36
1008 3596 1048 3644 fer
1065 3591 1090 3643 A
1142 3595 1175 3644 38
1194 3593 1325 3656 spaciatur
1342 3590 1368 3643 A

161 3684 195 3733 39
212 3682 340 3731 subducta
357 3685 396 3730 est
415 3675 468 3731 CV
543 3679 717 3728 cantatoribus
737 3676 760 3730 0
834 3683 868 3731 40
885 3677 971 3746 fcisse
989 3681 1144 3744 ἀμοιβαίωε
1160 3680 1188 3728 id
1206 3684 1244 3728 est
1262 3681 1368 3728 alternis

83 3789 86 3794 ’
110 3763 223 3819 condect
239 3763 361 3832 Schopcrt
428 3764 582 3828 ueniantque
599 3763 626 3816 A
694 3768 727 3816 42
750 3761 848 3815 actores
865 3761 935 3817 AV2
1004 3765 1124 3814 conturni
1141 3762 1168 3814 A
1236 3767 1269 3816 43
1287 3765 1367 3815 sceni-

111 3857 151 3902 cet
167 3849 195 3903 A
263 3850 373 3916 repetita
389 3846 442 3901 AO
516 3851 550 3900 44
572 3847 615 3901 iric
627 3848 752 3918 posuisse
768 3846 877 3902 videtur
901 3851 933 3900 mi
951 3850 1073 3900 ultimum
1094 3846 1137 3900 cel
1158 3850 1191 3899 ad
1209 3855 1368 3913 postremum

110 3942 239 3987 crescente
251 3951 366 3997 numero,
385 3932 478 3988 eadem
495 3948 520 3985 c.
533 3933 567 3987 41
579 3932 767 4003 conposuere
812 3934 894 4002 (qui)
912 3937 1082 3985 secundarum
1099 3933 1178 4001 culpo
1230 3938 1263 3985 45
1282 3935 1367 3997 quinti

109 4017 303 4087 Reifferscheid
355 4024 388 4073 45
405 4018 560 4071 auctoresA
612 4021 751 4070 distributa
765 4018 816 4073 CV
864 4024 897 4071 46
915 4021 1128 4084 quinquepartita
1142 4017 1194 4072 OV
1236 4025 1321 4070 actum
1333 4018 1367 4082 A,
1403 4006 1406 4011 ’

110 4111 168 4158 acta
189 4103 282 4172 V¹O²,
307 4120 360 4158 om.
380 4103 461 4158 O¹V²
546 4108 579 4160 47
602 4107 630 4155 in
649 4106 804 4169 quibusdam
828 4103 1006 4156 cunabulisA
1092 4106 1240 4155 uindicem
1260 4102 1293 4167 0,
1320 4106 1367 4155 uix

110 4193 187 4257 digne
203 4189 230 4245 V
277 4195 319 4245 47.
328 4194 363 4245 48
380 4192 494 4245 ΑΡΧΜΑ
513 4192 681 4243 ΚωΜωΙΔΙΑ
699 4192 746 4242 ΘΤ
766 4191 1021 4242 ΕΡΟΝΟΜΑΤΟΟ·
1040 4188 1073 4256 A,
1093 4205 1144 4242 om.
1162 4187 1194 4241 ic
1211 4188 1328 4243 &1ch

110 4280 143 4329 48
162 4278 255 4328 archea
304 4277 404 4327 idcirce
413 4274 452 4327 A¹
504 4292 552 4341 per
562 4292 646 4340 nuper
661 4273 732 4341 OV2,
757 4292 897 4340 parumper
913 4274 953 4329 V¹
1005 4280 1037 4329 49
1055 4277 1135 4339 uitiis,
1154 4272 1366 4329 corr.th'atzlro

162 4368 201 4413 est
218 4375 271 4414 om.
286 4358 339 4415 CV
386 4361 553 4412 Eronomatos
571 4368 656 4412 autem
673 4359 711 4423 A,
731 4361 798 4428 post
813 4375 942 4413 rasuram
958 4368 1004 4412 aut
1024 4359 1076 4415 GV
1122 4363 1186 4412 uelu
1203 4361 1229 4413 A
1281 4364 1315 4415 50
1333 4363 1366 4412 ci-

111 4447 184 4497 uium
202 4445 240 4498 A:
261 4447 376 4496 omnium
396 4443 448 4499 GV
512 4450 543 4498 51
562 4463 613 4496 non
631 4452 661 4497 ut
678 4463 729 4496 non
746 4448 851 4511 penitus
870 4448 938 4512 (pen.
956 4463 1007 4497 non
1032 4445 1067 4511 V)
1085 4449 1145 4497 ficta
1164 4445 1216 4501 CV
