3150 5018
594 287 790 347 OOHOEDIA
807 288 953 347 DORIOA

685 472 883 530 ΤΗΛΕΦΟΣ

702 587 720 646 6
744 586 775 662 (1
790 584 863 661 Lor)
905 666 909 671 ἢ

242 697 346 752 Athen.
364 697 406 751 III
425 701 498 752 111ο
523 696 640 764 πανὸς
665 693 764 769 άρτος.
801 695 977 757 Μεσσάπιοι.
1011 703 1060 756 καί
1083 695 1134 770 τὴν
1158 694 1328 771 πλησμονὴν
1353 717 1419 755 πα-

156 784 236 838 νίαν
257 785 306 838 καί
324 778 431 839 πάνια
453 778 488 838 τά
507 778 641 853 πλήσμια.
678 786 801 850 Βλαῖσος
818 781 850 841 ἐν
869 785 1053 856 Μεσοτρίβαι
1072 783 1114 850 (fr.
1128 789 1151 848 1)
1170 787 1220 841 καί
1237 783 1421 855 Δεινόλοχος

155 860 321 939 (άρχίλοχος
345 866 410 922 eod:
433 882 500 921 corr.
524 866 672 933 Ruhnken)
695 865 728 925 ἐν
753 868 889 940 Τηλέφιυι.
930 868 964 924 el.
987 869 1106 943 Hesyeh.
1128 864 1246 927 πάνεια·
1273 887 1418 940 κεχορτα-

155 951 244 1022 σμένη
255 950 349 1019 ί-μένα
363 950 487 1022 Seping).
513 951 577 1006 fort
594 951 649 1008 hue
664 952 784 1022 pertinet
800 953 920 1025 Hesyeh.
938 957 1044 1012 πανίον
1061 947 1235 1026 αὐτόχρουν·
1263 947 1420 1024 ὁμόχρουν

155 1035 259 1092 λευκόν
283 1031 428 1107 καθαρόν.
464 1031 482 1105 ἢ
506 1031 523 1093 ὁ
547 1032 650 1102 λευκὸς
671 1033 774 1109 πάντηι
799 1040 848 1094 καὶ
870 1035 1013 1110 καθαρός.
1048 1043 1098 1097 καί
1120 1034 1136 1097 ὃ
1159 1039 1249 1110 μέλας
1269 1034 1419 1110 καθαρός,

156 1136 227 1190 quae
245 1120 279 1174 de
301 1136 372 1189 pane
393 1120 465 1175 bene
486 1127 603 1189 possunt
623 1122 758 1192 intellegi:
784 1121 848 1177 fort
866 1122 926 1191 ipsa
948 1124 1035 1180 verba
1056 1126 1187 1182 πανίαν
1208 1118 1419 1195 αὐτόχρουν

155 1206 215 1261 sive
232 1205 381 1260 Dinoloehi
399 1205 459 1261 sive
476 1206 567 1279 Blaesi
584 1205 703 1262 luerunt.

700 1385 717 1443 7
742 1382 773 1459 (2
795 1383 865 1458 Lor)
1207 1456 1212 1461 .

222 1493 548 1561 Antiatt.Bekk.112,2s
563 1490 752 1554 πιττάκιον
764 1491 825 1554 εἶπε
839 1499 869 1553 Δ.
883 1496 1020 1570 Τηλέφοιι,
1034 1497 1233 1567 incertumque
1246 1495 1416 1568 significatu.

550 1665 787 1732 EFABVLIS
810 1668 1009 1734 monens

698 1791 717 1850 8
741 1791 773 1866 (ο
788 1789 861 1865 nor)

241 1901 376 1957 Aelianus
398 1909 453 1958 net.
471 1904 553 1957 anim.
572 1909 596 1970 6,
615 1906 646 1957 51
674 1901 728 1960 τόν
745 1901 902 1975 Προμηθέα
925 1903 1030 1976 κλέψαι
1052 1902 1087 1960 τό
1111 1908 1168 1975 πῦρ
1191 1898 1207 1974 ἢ
1230 1899 1309 1976 φήμη
1334 1906 1415 1974 φησί,

158 1988 207 2041 καί
229 1985 283 2042 τὸν
301 1989 356 2044 Δία
378 1980 575 2060 άγανακτῆσαι
598 1982 615 2045 ό
638 1992 732 2057 μῦθος
753 1987 828 2061 λέγει
849 1991 898 2044 καί
920 1996 982 2054 τοῖς
997 1984 1213 2059 καταμηνάσασι
1233 1984 1285 2058 τὴν
1302 1989 1416 2060 κλοπὴν

159 2073 258 2126 δοῦναι
275 2066 432 2143 φάρμακον
449 2068 545 2144 γήρως
562 2065 743 2144 ἀμυντήριον.
779 2075 866 2129 τοῦτο
885 2061 937 2129 οάν
953 2069 1001 2132 lut
1019 2069 1090 2131 όνοιι
1107 2078 1201 2130 θεῖναι
1222 2072 1291 2139 τούς
1308 2069 1415 2147 λαβόν-

160 2174 212 2220 τας
233 2154 391 2225 πέπυσμαι
418 2153 543 2214 καὶτὸν
564 2158 618 2228 μὲν
639 2156 771 2229 προιέναι
794 2156 829 2214 τὸ
848 2153 943 2228 άχθος
960 2157 1102 2230 φέροντα,
1124 2153 1196 2215 εἶναι
1214 2157 1244 2215 δὲ
1267 2146 1350 2228 ὥραν
1367 2157 1415 2215 θέ-

159 2257 247 2312 ρειον,
269 2243 318 2296 καί
340 2245 469 2313 διψῶντα
492 2242 546 2301 τόν
570 2240 640 2301 άνον
661 2239 711 2299 ἐπί
732 2261 797 2298 τινα
818 2237 925 2313 κρήνην
946 2241 1021 2300 κατά
1044 2241 1097 2314 τὴν
1120 2246 1173 2300 τοῦ
1195 2246 1291 2300 ποτοῦ
1313 2245 1415 2315 χρείαν

157 2320 263 2380 έλθεῑν.
298 2320 353 2383 τὸν
364 2316 416 2383 σάν
435 2321 503 2396 ὄφιν
520 2324 574 2385 τὸν
591 2324 774 2400 φυλάττοντα
791 2319 976 2384 άναστέλλειν
993 2321 1084 2385 αὐτόν
1100 2329 1150 2384 καλ
1166 2319 1347 2394 άπελαάνειν,
1363 2330 1413 2384 καί

157 2406 270 2465 ἐκεῖνον
291 2411 523 2486 στρεβλούμενον
542 2410 652 2483 μισθόν
673 2412 702 2469 ol
723 2415 774 2482 τῆς
790 2413 959 2483 φιλοτησίας
981 2416 1078 2469 δοῦναι
1101 2402 1177 2485 όπερ
1194 2402 1247 2469 σόν
1264 2407 1347 2484 έτυχε
1364 2412 1412 2483 φέ·

159 2515 219 2566 ρον
241 2491 404 2570 φάρμακον.
439 2491 545 2555 οὐκοῦν
566 2490 710 2563 άντίδοσις
732 2497 855 2569 γίνεται,
880 2499 929 2553 καί
952 2489 969 2553 ό
991 2495 1044 2566 μέν
1061 2496 1151 2562 πίνει,
1179 2489 1244 2554 δ’δὲ
1266 2495 1302 2553 τό
1322 2500 1413 2568 γῆρας

158 2573 326 2649 άποδόεται,
352 2579 579 2657 προσεπιλαβών
600 2576 641 2648 ὡς
663 2577 752 2653 λόχος
774 2579 810 2639 τό
835 2584 889 2638 τοῦ
911 2576 982 2638 όνου
1003 2582 1095 2653 δίψος.
1131 2582 1161 2639 τί
1184 2572 1251 2652 mlv,-
1276 2579 1334 2654 έγιό
1360 2584 1413 2639 τοῦ

158 2661 253 2734 μόθου
278 2662 412 2739 ποιητής,·
437 2658 503 2724 ἀλλ’
526 2661 579 2724 οὐκ
600 2661 637 2724 άν
660 2663 782 2735 εἴποιμι,
805 2662 869 2723 έπεί
892 2668 941 2722 καί
964 2665 1023 2739 πρό
1046 2663 1119 2737 ἐμοῦ
1141 2670 1296 2739 Σοφοκλῆς
1321 2661 1338 2724 ὃ
1363 2670 1413 2738 τῆς

158 2754 331 2824 τραγαιιδίας
351 2747 470 2823 ποιητὴς
487 2751 529 2818 (fr.
542 2757 602 2818 335)
623 2754 673 2808 καὶ
696 2746 870 2822 Δεινόλοχος
894 2748 910 2807 ὃ
933 2743 1145 2824 άνταγιυνιστὴς
1165 2745 1342 2825 Ἐπιχάρμου
1364 2755 1413 2808 καί

153 2831 263 2908 Ἴβυκος
283 2831 301 2893 ό
323 2833 447 2910 Ῥηγῖνος
465 2837 507 2901 (fr.
519 2844 562 2903 25)
586 2840 635 2894 καί
652 2829 834 2907 Ἀριστίαςίλ)
857 2838 907 2892 καί
923 2826 1134 2908 Ἀπολλοφάνης
1152 2837 1193 2902 (fr.
1207 2841 1223 2892 9
1235 2837 1271 2896 Κλ
1296 2840 1412 2908 ποιηταί

155 2923 319 2989 κοιμωιδίας
335 2918 462 2980 άιδουσιν
480 2917 578 2981 αὐτόν.
613 2921 648 2978 el.
666 2920 749 2976 schol.
768 2920 897 2976 Nieend1i
914 2919 994 2976 Ther.
1012 2926 1071 2976 343.

699 3099 718 3158 9
742 3097 773 3174 (8
787 3095 860 3171 Lor)

242 3208 299 3263 An.
316 3209 404 3265 Bekk.
423 3214 482 3276 345,
495 3217 526 3266 21
550 3207 732 3277 άδυνατία,
758 3205 798 3276 ιός
816 3213 848 3266 Δ.

683 3372 721 3431 10
744 3366 885 3444 (131101)

243 3480 320 3536 linet.
332 3498 359 3550 p.
373 3486 447 3548 1441,
461 3487 490 3537 11
504 3483 548 3548 (ef.
559 3482 655 3552 Epieh.
666 3482 700 3537 fr.
712 3487 769 3549 186)
787 3486 836 3538 καί
854 3485 885 3538 Δ.
903 3480 1187 3553 χενναιέστατον.
1222 3495 1237 3535 e
1255 3479 1411 3535 Philoxeno

159 3568 229 3638 Περὶ
246 3570 442 3639 σνγκριτικαῖν,
459 3565 493 3622 ef.
511 3567 696 3624 Reitzenstein
714 3567 811 3624 Geech.
829 3567 856 3621 d.
873 3583 914 3636 gr.
933 3567 1023 3638 Etym.
1041 3582 1069 3634 p.
1081 3568 1140 3629 382,
1152 3569 1176 3617 3.

679 3744 716 3803 11
740 3744 793 3816 (10
808 3741 882 3816 Ler)

243 3855 362 3927 Hesyeh.
380 3845 400 3911 ά
405 3860 467 3922 δος
484 3895 511 3912 ..
530 3855 609 3929 παρά
623 3851 798 3927 Δεινολόχου
811 3851 887 3923 όξσς.
915 3872 945 3910 v.
956 3845 1024 3925 ἦδος
1034 3852 1140 3908 Athen.
1150 3853 1179 3906 Π
1190 3857 1222 3907 61
1229 3869 1251 3908 e.
1278 3852 1412 3908 Doticnm

156 3939 229 3994 enim
248 3956 309 3995 voe.
327 3943 422 4008 Γάδας
439 3939 474 3993 ed
492 3956 570 3996 suum
589 3941 698 3995 dicendi
716 3957 794 3996 unum
812 3945 946 3995 mutatum
963 3944 1122 4006 reoeperunt
1139 3936 1335 3994 Atheniense&

674 4100 713 4159 12
736 4097 790 4179 (11
813 4097 888 4176 Lon)

242 4210 362 4282 Hesyeh.
384 4208 526 4285 μορμηκιά
545 4252 572 4268 ..
590 4203 625 4284 ἦν
642 4213 738 4271 δὲκαὶ
754 4207 843 4283 λόγος
865 4205 906 4278 ὥς
928 4205 944 4267 ό
967 4205 1077 4275 πτόσας
1097 4209 1138 4275 είς
1158 4204 1321 4280 μυρμηκιὰν
1343 4209 1415 4268 οἰδεῖ

157 4290 193 4353 τά
210 4298 303 4368 χείλη,
325 4291 365 4364 ὡς
387 4291 404 4355 ό
424 4301 456 4354 Δ.
492 4297 608 4354 Phetius
625 4301 799 4371 μυρμηκιάν·
828 4292 895 4361 τοὺς
918 4294 959 4361 είς
981 4288 1141 4367 μυρμηκιὰν
1166 4289 1347 4363 λαλήσαντας
1371 4291 1413 4351 έλ-

155 4384 280 4438 κοῦσθαι
307 4378 358 4451 τὴν
383 4379 516 4455 γλῶττάν
541 4400 629 4454 φασιν
656 4387 681 4448 (e
702 4381 790 4437 lexico
812 4379 948 4435 rhetotiee
970 4378 1209 4444 Eust1259,47).
1243 4394 1300 4434 une
1324 4379 1413 4435 verbo

154 4471 360 4540 μυρμηκιᾶν
376 4472 461 4535 poeta
477 4483 543 4522 usus
560 4481 621 4522 esse
637 4466 755 4522 videtur.
1222 4470 1226 4475 ’
