3150 5018
526 266 716 322 ΕΠΙΧΑΡΜΟΥ
733 267 889 322 ΔΡΔΜΑΤΑ
1279 271 1339 330 123

82 443 236 505 σοφισταῖς
253 429 354 506 λόγος·
379 427 395 493 ὃ
413 429 472 509 γὰρ
490 429 590 508 λαβὼν
606 431 695 493 πάλαι
713 431 748 493 τὸ
766 435 853 508 χρέος
870 439 921 493 νῦν
939 430 992 494 οάκ
1010 433 1120 510 ὀφείλει
1138 435 1265 512 γεγονὼς
1282 436 1341 497 ἕτε-

82 539 148 593 ρος,
174 513 190 575 ὁ
209 519 240 577 δὲ
256 522 372 591 κληθείς
393 517 441 576 ἐπί
457 523 574 577 δεῖπνον
590 517 674 592 ἐχθὲς
691 517 815 593 ἄκλητος
831 512 893 593 ἥκει
911 517 1048 593 τήμερον·
1076 518 1164 589 ἄλλος
1181 517 1238 597 γάρ
1255 522 1341 582 ἐστιν.

81 603 155 659 adde
172 603 244 659 Plut„
263 603 298 660 de
315 621 451 660 oommun.
469 610 527 660 not.
544 621 572 675 μ
587 610 678 662 1083a
702 600 718 662 δ
738 608 837 662 τοίνυν
858 609 924 677 περὶ
942 601 1084 679 αὐξήσεως
1102 606 1190 680 λόγος
1209 607 1272 666 ἐστὶ
1289 609 1342 678 μὲν

80 683 217 763 άρχαῖος·
235 680 381 762 ἠρώτηται
397 684 463 763 γάρ,
482 680 521 756 ὥς
538 709 608 763 φησι
627 687 809 762 Χρύσιππος,
826 684 878 749 ὑπ’
896 685 1078 765 Ἐπιχάρμου.

525 948 905 1027 mffimmm

169 1117 212 1125 -
233 1076 285 1163 ἆρ’
307 1083 394 1147 ἔστιν
415 1079 549 1166 αάλησίς
570 1110 602 1150 τι
624 1093 754 1167 πρᾶγμα
761 1110 773 1164 ,·
793 1119 837 1128 -
858 1081 945 1148 πάνυ
967 1089 1026 1162 μὲν
1049 1080 1108 1151 ὧν.

168 1218 212 1228 ·-
232 1180 411 1267 άνδρωπος
432 1180 480 1250 ὦν
503 1183 636 1269 αάλησίς
658 1187 760 1266 zozim
781 1222 824 1231 -
846 1185 1005 1264 οὐδαμῶς.

168 1320 212 1329 -
233 1283 304 1369 φέρ’
326 1287 395 1367 ἴδω,
417 1294 450 1352 τί
470 1285 506 1354 δ’
528 1286 687 1372 αάλητάς,·
708 1296 756 1366 τίς
778 1289 863 1366 εἶμέν
886 1313 937 1353 τοι
959 1294 1061 1365 δοκεῖ;

232 1380 420 1470 ἅνθρωπος,
443 1386 463 1472 ἢ
485 1388 527 1455 ου’
549 1388 629 1473 γάρ,·
642 1426 685 1434 -
699 1386 788 1456 πάνυ
809 1393 869 1467 μὲν
891 1384 948 1454 ὦν.
963 1425 1007 1435 -
1022 1389 1134 1456 ου’κσῖν
1151 1397 1256 1470 δοκεῖς

204 1485 340 1567 δράτως
361 1490 442 1571 ἔχειν
464 1497 518 1555 καί
540 1499 613 1574 περί
634 1489 708 1575 (μα)
729 1490 901 1571 τοίγαδοά;
922 1488 961 1556 τό
983 1517 1023 1573 μα

232 1588 359 1671 α’γαδὸν
380 1587 419 1656 τὸ
441 1591 566 1677 πρᾶγμ’
588 1594 674 1671 εἶμεν
696 1591 778 1658 καθ’
801 1589 887 1673 αὕθ’,
917 1589 1005 1671 ὅστις
1028 1597 1060 1659 δὲ
1082 1619 1123 1659 κα

233 1697 310 1777 είδῆι
332 1690 450 1771 μαθὼν
471 1693 551 1777 τῆν’,
575 1693 699 1775 άγαδὸς
720 1693 779 1779 ἤδη
801 1702 930 1776 γίνεται.

233 1791 340 1877 ὥσπερ
363 1792 424 1880 γάρ
447 1795 512 1861 ἐστ’
534 1793 670 1879 αὔλησιν
693 1795 834 1879 αὐλητάς
855 1794 973 1874 μαθὼν

230 1895 250 1980 ἢ
273 1889 406 1980 ὄρχησιν
429 1895 586 1981 ὀρχηστάς
608 1924 657 1976 τις
682 1897 701 1981 ἢ
726 1895 866 1975 πλοκεὺς
889 1894 1025 1979 πλοκάν,

191 1997 251 2082 1οἢ
274 2007 340 2065 πᾶν
362 1998 393 2081 γ>
414 1998 536 2079 δμοίως
557 2008 626 2065 τῶν
647 1998 810 2067 τοιούτων
832 1997 854 2066 ά
876 2027 906 2065 τι
928 2025 967 2064 τυ
990 2007 1070 2082 λῆις,

234 2100 295 2167 οάκ
318 2099 417 2181 ου’τὸς
439 2105 486 2186 εἴη
508 2127 549 2168 κα
571 2105 676 2184 τέχνα,
700 2100 844 2184 τεχνικός
865 2127 906 2182 μοι
927 2100 1003 2179 μα’ν.

170 2233 255 2304 Diog.
272 2235 303 2290 L.
321 2235 364 2290 ΠΙ
383 2239 469 2291 13.14
487 2229 527 2292 ἔτι
546 2236 631 2307 φησὶν
651 2228 667 2291 ὃ
683 2230 813 2304 Ἄλκιμος
831 2238 869 2300 (V.
887 2235 923 2290 ad
940 2234 973 2290 fr.
987 2241 1046 2302 170)
1064 2239 1113 2292 καί
1130 2237 1214 2293 ταυτί
1225 2231 1246 2290 ‘.
1259 2275 1266 2290 .
1279 2274 1285 2288 .
1299 2231 1342 2291 διὸ

82 2319 135 2375 καί
152 2338 238 2391 φησιν
255 2319 355 2387 (Plato)
379 2317 411 2376 ἐν
428 2324 473 2391 τῆι
490 2315 573 2392 φάσει
596 2315 648 2386 τὰς
665 2320 741 2386 ἰδέας
759 2315 876 2377 ἑστάναι
894 2316 1030 2395 καθάπερ
1048 2323 1279 2395 παραδείγματα·
1306 2315 1342 2377 τὰ

82 2396 112 2460 δ’
130 2399 204 2463 ἄλλα
222 2401 339 2471 ταύταις
355 2402 493 2472 ἐοικέναι,
515 2400 627 2462 τούτων
647 2401 818 2476 ὁμοιώματα
838 2411 1020 2463 καθεστῶτα,
1057 2400 1074 2463 ὁ
1093 2408 1191 2463 τοίνυν
1207 2398 1344 2476 Ἐπίχαρ-

81 2508 139 2558 μος
157 2492 226 2562 περί
242 2510 275 2548 τε
292 2494 345 2548 τοῦ
362 2483 478 2563 άγαδοῦ
501 2493 550 2547 καί
574 2493 641 2559 περὶ
658 2493 718 2547 τῶν
734 2489 818 2547 ἰδεῶν
836 2481 912 2548 οάτω
930 2490 1004 2563 λέγει
1029 2481 1091 2562 “άρ’
1110 2485 1211 2548 ἔστιν.
1231 2531 1237 2546 .
1256 2511 1343 2562 τεχνι-

82 2569 138 2641 κός
154 2595 192 2647 γα
209 2569 290 2645 μάν’.

171 2681 184 2731 1
204 2667 264 2744 οὖν,
281 2677 347 2733 item
365 2680 449 2733 2et4
462 2667 525 2743 (οὖν
537 2669 652 2742 οὐκοῦν)
670 2676 750 2731 codd.
812 2681 828 2730 4
847 2672 865 2744 οἳ
883 2677 936 2732 del.
947 2676 1069 2733 Cobetus
1129 2681 1182 2731 4.5
1201 2681 1281 2734 δοκεῖ
1298 2665 1344 2733 οά-

84 2781 143 2828 τως
159 2757 236 2834 ἔχειν
252 2761 330 2832 (τοι)
348 2761 471 2828 GHem,
489 2777 543 2832 ego
560 2767 618 2816 v.5
635 2782 673 2834 γα
692 2761 779 2817 adieci
833 2767 848 2816 5
867 2764 935 2833 περί
951 2756 982 2819 τ’
1000 2755 1115 2835 άγαδοῦ
1132 2762 1213 2817 codd.
1274 2765 1289 2814 6
1308 2756 1343 2818 τὸ

82 2845 252 2919 δὲπρᾶγμα
270 2846 355 2902 codd:
374 2846 479 2902 correxi
557 2851 572 2900 ῖ
591 2848 718 2919 γίγνεται
736 2847 816 2901 codd.
900 2850 915 2900 8
933 2841 990 2919 γάρ
1008 2847 1048 2912 εἰς
1065 2841 1117 2919 τὴν
1134 2842 1251 2918 αὔλησιν
1267 2846 1290 2899 Ρ
1308 2846 1346 2911 (εἰ

83 2951 109 2988 τ,
127 2927 189 2989 αάλ.
207 2931 278 3010 alii)3
295 2932 401 2988 eorrexi
419 2931 560 3001 (scriptum
577 2930 632 2987 fuit
648 2929 735 2995 ἐστίν)
795 2935 810 2985 9
828 2926 846 3002 ἢ
864 2926 982 3003 ὄρχησιν
999 2931 1031 2997 P,
1049 2928 1100 3003 τὴν
1116 2938 1182 3000 post
1197 2926 1216 3002 ἢ
1233 2930 1296 2986 add.
1308 2930 1344 2984 Ρ2

155 3021 187 3071 10
204 3019 253 3073 καί
271 3021 329 3075 πᾶν
345 3009 376 3088 y'
394 3016 579 3073 Wssamowitz
650 3021 681 3071 11
701 3012 753 3088 οὐχ
772 3011 860 3082 αὑτὸς
877 3013 919 3088 εἴη
934 3009 974 3087 χά
991 3016 1027 3069 P:
1051 3017 1156 3072 oorrexi
1175 3009 1238 3083 (οὐκ
1256 3011 1344 3082 αὐτὸς

82 3102 139 3158 iam
157 3101 296 3172 Scaliger).

407 3290 1019 3373 1ffimffiwmfflssm

173 3431 234 3491 172
309 3420 450 3505 Ιδάμαιε,
472 3424 510 3492 τὸ
534 3423 639 3506 σοφόν
663 3428 748 3492 ἐστιν
771 3425 813 3493 ου’
834 3425 911 3492 καθ’
932 3428 968 3492 ἓν
989 3423 1104 3506 μόνον,

313 3529 385 3596 ἀλλ’
408 3525 549 3612 ὅσσαπερ
571 3535 631 3612 ζῆι,
654 3527 760 3594 πάντα
781 3535 836 3594 καί
857 3527 990 3609 γνώμαν
1013 3525 1082 3610 ἕχει.

311 3629 448 3714 καὶγὰρ
471 3628 510 3697 τὸ
531 3639 618 3713 θῆλυ
640 3640 708 3696 τῶν
731 3630 950 3713 ἀλεκτορίδων
971 3634 1075 3712 γένος,

313 3739 349 3798 αί
367 3743 438 3816 λῆις
460 3741 669 3813 καταμαθεῖν,
699 3731 808 3810 ἀτενὲς
831 3732 872 3798 οὐ
893 3741 990 3799 τίκτει
1011 3737 1107 3798 τέκνα

284 3835 419 3917 5ζωντ’,
442 3834 516 3901 ἄλλ’
538 3833 663 3916 ίπώιζει
685 3841 739 3900 καί
762 3850 849 3900 ποιεῖ
868 3832 976 3916 ψυχὰν
999 3836 1090 3915 ἔχειν.

312 3935 351 4004 τὸ
374 3943 408 4005 δὲ
430 3935 537 4018 σοφὸν
559 3936 578 4004 ἃ
602 3934 698 4018 φάσις
720 3934 795 4002 τόδ’
816 3938 905 4003 οἶδεν
929 3935 974 4013 ὡς
996 3937 1056 4016 ἔχει

311 4037 413 4117 μόνα·
439 4045 645 4105 πεπαίδευται
667 4037 728 4122 γὰρ
751 4036 913 4115 αάταύτας
935 4035 1011 4103 ὕπο.

175 4212 236 4272 173
309 4207 503 4287 θαυμαστὸν
526 4209 621 4276 ου’δὲν
644 4209 703 4287 άμε
725 4207 821 4274 τοῦδ’
845 4205 952 4285 οὕτως
974 4211 1077 4288 λέγειν

313 4317 367 4376 καί
390 4309 541 4378 ἁνδάνειν
564 4311 712 4378 ον’τοῖσιν
735 4308 858 4388 ου’τούς
879 4316 933 4373 καί
956 4315 1063 4374 δοκεῖν

313 4421 422 4492 καλῶς
444 4411 617 4496 πεφύκειν·
640 4410 776 4496 καὶγὰρ
799 4411 818 4479 ἃ
841 4410 930 4478 κάων
953 4417 1027 4476 κυνί
