3150 5018
664 268 830 319 PLATONH
1018 289 1022 295 ⁴
1353 266 1371 324 5

119 434 226 516 βάσεις
255 434 332 500 κατ’
354 438 479 502 ἐκεῖνον
508 433 567 503 τόν
585 434 709 520 χρόνον
732 435 878 520 ἐδιδάχθη
906 438 988 504 καθ’
1010 436 1049 504 ὃν
1072 437 1090 505 ὑ
1113 445 1212 521 δῆμος
1237 435 1372 522 ἐκράτει,

120 534 159 604 τά
183 543 216 603 δέ
237 537 299 604 ούκ
321 539 435 618 έχοντα
455 545 511 620 τῆς
533 536 820 618 έξουσίαςλοιπόν
843 537 908 606 άπὸ
930 550 992 606 τοῦ
1013 537 1115 623 δήμου
1141 543 1371 622 μεθισταμένης

84 647 188 705 νῖκαί1
208 649 264 722 τῆς
297 639 480 721 ὀλιγαρχίας
515 638 704 723 κρατούσης.
763 648 810 703 10.
844 647 875 730 οἰ
908 647 941 707 δέ
973 650 1028 724 τῆς
1059 645 1155 725 μέσης
1187 646 1371 721 κωμωιδίας

120 747 250 824 ποιηταί
278 748 332 806 καί
352 739 410 819 τάς
432 738 603 820 ὑποθέσεις
623 740 761 825 ἤμειψαν
789 749 843 808 καί
870 741 910 810 τά
928 741 1045 827 χορικά
1072 747 1150 827 μέλη
1180 747 1371 827 παρέλιπον,

120 842 181 909 ούκ
204 845 329 925 ἔχοντες
350 841 429 921 τοὺς
447 841 609 925 χορηγοὺς
636 843 715 923 τούς
742 843 799 924 τὰς
827 843 974 924 δαπάνας,
1006 859 1075 924 τοῖς
1099 860 1270 928 χορευταῖς
1292 870 1372 928 παρ-

115 949 259 1027 έχοντας.
298 944 469 1022 ὑποθέσεις
490 950 548 1022 μέν
570 943 631 1029 γάρ
652 955 709 1030 τῆς
731 955 870 1024 παλαιᾶς
891 952 1074 1026 κωμωιδίας
1096 943 1177 1030 ἦσαν
1200 942 1311 1013 αὗται·
1333 944 1369 1012 τὸ

120 1062 311 1131 στρατηγοῖς
333 1049 480 1124 ἐπιτιμᾶν
501 1052 555 1111 καί
577 1052 741 1126 δικασταῖς
764 1047 825 1114 ούκ
841 1047 951 1129 ὀρθῶς
973 1045 1138 1130 δικάζουσι
1160 1056 1213 1114 καί
1224 1045 1371 1132 χρήματα
1427 1070 1429 1075 ·

84 1151 335 1228 ῖθσυλλέγουσιν
371 1150 406 1227 έξ
441 1145 564 1226 α’δικίας
599 1155 662 1214 τισί
698 1155 752 1215 καί
786 1148 953 1233 μοχθηρὸν
989 1152 1253 1234 έπανηιρημένοις
1285 1157 1369 1229 βίον.

124 1256 172 1310 11.
200 1247 219 1331 ἣ
248 1253 281 1313 δέ
308 1253 386 1332 μέση
414 1254 579 1327 κωμωιδία
611 1249 714 1334 α’φῆκε
741 1249 797 1330 τάς
818 1249 971 1330 τοιαύτας
992 1250 1177 1333 ὑποθέσεις,
1206 1254 1257 1316 έπί
1278 1255 1311 1316 δέ
1332 1248 1371 1315 τὸ

122 1348 281 1417 σκώπτειν
314 1355 457 1434 ἱστορίας
489 1354 638 1435 ῥηθείσας
673 1367 820 1435 ποιηταῖς
852 1348 965 1436 ἦλθον.
1023 1352 1207 1420 άνεύθννον
1240 1351 1300 1436 γάρ
1332 1350 1371 1418 τὸ

91 1487 95 1492 ·
121 1463 273 1522 τοιοῦτον
301 1454 375 1519 οἷον
404 1452 565 1536 διασύρειν
587 1450 725 1536 Ὅμηρον
754 1451 886 1519 εἰπόντα
914 1481 944 1521 τι
972 1452 1052 1538 <ούκ
1075 1451 1128 1540 εύ>
1153 1453 1172 1538 ἢ
1201 1453 1260 1521 τὸν
1283 1459 1371 1520 δεῖνα

121 1564 177 1640 τῆς
198 1560 389 1638 τραγωιδίας
410 1553 556 1638 ποιητήν.
605 1559 652 1616 12.
674 1564 810 1621 τοιαῦτα
832 1561 865 1621 δέ
887 1555 1031 1640 δράματα
1052 1564 1106 1623 καί
1120 1560 1155 1623 έν
1170 1566 1222 1640 τῆι
1236 1565 1369 1622 παλαιᾶι

84 1661 301 1734 ῖῖκωμωιδίαι
323 1658 408 1721 έστιν
424 1654 539 1739 εὑρεῖν,
562 1653 642 1739 άπερ
657 1665 843 1724 τελευταῖον
866 1656 1013 1742 έδιδάχθη
1036 1657 1153 1725 λοιπὸν
1173 1667 1229 1741 τῆς
1243 1657 1370 1739 ὀλιγαρ-

117 1766 189 1840 χίας
217 1765 465 1842 κρατυνθείσης·
503 1762 534 1823 οί
561 1766 644 1839 γοῦν
674 1756 827 1839 Ὀδυσσεῖς
847 1767 1010 1844 Κρατίνου
1036 1757 1169 1838 ούδενὸς
1192 1762 1369 1842 ἐπιτίμησιν

120 1863 244 1942 ἔχουσι,
273 1859 451 1941 διασυρμὸν
479 1865 512 1925 δέ
540 1868 597 1943 τῆς
620 1859 794 1939 Ὀδυσσείας
818 1869 880 1927 τοῦ
894 1859 1045 1946 Ὀμήρου.
1088 1869 1236 1929 τοιαῦται
1256 1859 1317 1944 γάρ
1339 1865 1371 1925 αί

119 1987 201 2027 κατα
230 1985 289 2043 την
316 1967 415 2044 μέσην
442 1967 628 2040 κωμωιδίαν
657 1960 827 2042 ὑποθέσεις
850 1969 946 2029 εἰσίν·
980 1961 1109 2042 μύθους
1134 1960 1195 2046 γάρ
1217 1987 1307 2042 τινας
1327 1988 1373 2028 τι·

119 2067 231 2142 θέντες
253 2065 288 2128 έν
310 2079 380 2142 ταῖς
401 2069 597 2143 κωμωιδίαις
617 2080 687 2142 τοῖς
702 2069 927 2149 παλαιοτέροις
949 2068 1134 2148 εἰρημένους
1157 2069 1304 2147 διέσυρον
1327 2062 1372 2142 ὡς

83 2174 234 2244 θθκακως
255 2167 426 2248 ῥηθέντας,
455 2171 510 2230 καί
532 2164 589 2245 τάς
611 2165 805 2249 παραβάσεις
826 2165 1065 2251 παρηιτήσαντο
1088 2165 1138 2233 διὰ
1160 2164 1198 2231 τὸ
1220 2163 1298 2243 τοὺς
1317 2189 1372 2246 χο-

120 2294 199 2352 ρους
222 2270 382 2348 έπιλεῖψαι
400 2277 552 2351 χορηγῶν
574 2268 635 2335 ούκ
658 2267 776 2335 ὄντων.
823 2275 872 2354 13.
895 2269 937 2335 ού
950 2267 1013 2353 μὴν
1035 2268 1111 2350 ούδέ
1128 2266 1168 2334 τά
1182 2281 1371 2349 προσωπεῖα

120 2365 347 2452 ὁμοιοτρόπως
368 2385 438 2448 τοῖς
453 2372 487 2435 έν
502 2378 552 2453 τῆι
567 2380 701 2437 παλαιᾶι
715 2377 892 2451 κωμωιδίαι
910 2375 1213 2450 κατεσκευασμένοις
1228 2375 1372 2452 εἰσῆγον·

120 2476 154 2539 έν
175 2478 234 2552 μέν
257 2470 318 2555 γάρ
341 2479 392 2554 τῆι
415 2480 548 2537 παλαιᾶι
571 2475 698 2555 εἴκαζον
719 2473 759 2540 τά
777 2487 966 2558 προσωπεῖα
986 2489 1056 2551 τοῖς
1077 2475 1370 2552 κωμωιδουμένοις,

15 2645 18 2651 ,
120 2580 173 2642 ίνα
202 2581 280 2657 πρίν
308 2600 339 2639 τι
371 2578 425 2638 καί
453 2571 530 2652 τούς
559 2573 735 2659 ὑποκριτάς
769 2582 868 2642 εἰπεῖν
898 2569 916 2642 ὁ
945 2571 1216 2654 κωμωιδούμενος
1249 2575 1283 2638 έκ
1315 2573 1372 2654 τῆς

82 2675 313 2760 σσδμοιότητος
340 2683 397 2758 τῆς
424 2673 532 2755 ὄψεως
559 2674 738 2760 κατάδηλος
759 2674 809 2761 ἧι
840 2680 875 2743 έν
898 2683 931 2744 δέ
956 2687 1006 2760 τῆι
1027 2680 1117 2759 μέσηι
1144 2682 1198 2741 καί
1220 2679 1289 2741 νέαι
1310 2699 1373 2740 κω-

119 2785 248 2858 μωιδίαι
271 2780 413 2860 ἐπίτηδες
441 2775 481 2843 τὰ
504 2794 692 2859 προσωπεῖα
720 2779 802 2863 πρὸς
823 2778 862 2845 τὸ
883 2777 1087 2862 γελοιότερον
1108 2774 1371 2860 έδημιούργησαν,

121 2879 297 2958 δεδοικότες
325 2876 402 2957 τούς
428 2877 616 2959 Μακεδόνας
642 2887 696 2946 καί
723 2878 802 2958 τούς
829 2882 1065 2964 έπηρτημένους
1092 2882 1127 2960 έξ
1153 2882 1285 2944 έκείνων
1315 2875 1373 2957 φό-

120 2991 216 3062 βους,
247 2987 300 3046 ίνα
328 2986 405 3063 μηδέ
422 2983 467 3046 ’ἐκ
494 2978 591 3064 τύχης
617 2979 707 3060 τινὸς
735 2978 888 3064 ὁμοιότης
915 2979 1095 3066 προσώπου
1124 2983 1279 3062 συμπέσηι
1308 2985 1371 3044 τινί

120 3080 320 3150 Μακεδόνων
342 3082 474 3166 ἄρχοντι
500 3089 554 3149 καί
577 3080 673 3163 δόξας
695 3082 713 3150 ὑ
737 3083 870 3168 ποιητὴς
897 3087 931 3150 έκ
954 3087 1169 3168 προαιρέσεως
1191 3086 1371 3161 κωμωιδεῖν
1459 3140 1464 3146 .

83 3199 113 3248 ῖθ
124 3192 213 3264 δίκας
236 3182 380 3268 ὑπόσχηι.
426 3183 553 3269 δρῶμεν
575 3195 657 3268 γοῦν
678 3184 736 3265 τὰς
758 3186 862 3270 ὀφρῦς
883 3190 918 3254 έν
940 3203 1009 3265 τοῖς
1031 3183 1220 3270 προσώποις
1241 3193 1296 3266 τῆς
1311 3193 1373 3248 Με-

120 3285 264 3371 νάνδρου
292 3291 475 3366 κωμωιδίας
504 3286 621 3367 ὑποίας
648 3290 707 3370 έχει
735 3294 789 3354 καί
817 3286 908 3368 ὅπως
930 3292 1183 3372 έξεστραμμένον
1208 3283 1245 3352 τὸ
1269 3282 1371 3364 στόμα

120 3396 174 3456 καί
197 3388 272 3456 ούδέ
294 3389 371 3454 κατ’
393 3387 581 3474 άνθροέπων
604 3387 708 3470 φύσιν.

206 3682 239 3731 45
261 3693 329 3728 nova
350 3679 464 3728 eiusdem
485 3679 630 3743 argumenti
652 3680 770 3730 tractatio
789 3680 832 3743 (σί.
849 3681 923 3730 FLeo
941 3681 1044 3739 (δάπτει.
1061 3678 1193 3742 Ατὶεῒορίι.
1211 3693 1238 3741 p.
1251 3678 1306 3740 12),
1333 3677 1370 3724 di·

121 3763 196 3815 cendi
212 3778 292 3827 genus
309 3777 360 3812 non
378 3763 510 3813 diversum
577 3766 611 3816 46
629 3765 662 3814 σί.
680 3781 705 3816 v.
718 3767 816 3827 24sqq.
884 3767 917 3816 49
935 3766 967 3815 cf.
985 3768 1039 3816 πῖ
1109 3765 1142 3816 52
1161 3757 1247 3827 ῆίθεν
1263 3761 1371 3811 Brunck

177 3850 210 3900 53
227 3849 260 3898 ad
278 3863 381 3898 sensum
398 3849 531 3913 supplevi,
558 3849 591 3898 οί.
614 3864 640 3899 v.
657 3851 689 3900 31
709 3854 736 3899 et
753 3852 786 3901 59
873 3851 924 3900 τδν
945 3843 1076 3899 δεινδνθ
1161 3849 1193 3898 55
1215 3839 1372 3910 κωμωιδίαι

121 3933 212 3984 om.G
296 3927 527 3995 1οη.τείινταῖα,
547 3934 580 3984 of.
598 3949 624 3983 v.
642 3936 676 3984 44
762 3937 795 3986 57
813 3949 904 3984 rursus
920 3949 988 3984 nova
1005 3933 1119 3984 eiusdem
1138 3932 1176 3981 rei
1193 3930 1319 3992 tractatio,
1337 3931 1371 3980 οί.

121 4019 154 4069 ad
173 4033 199 4068 v.
216 4019 250 4068 45
328 4019 408 4080 6οη.
426 4020 555 4086 χορηγούς
571 4012 711 4084 ίπιίετψαι
727 4020 857 4090 χορωνἙ
934 4021 965 4070 61
984 4019 1047 4069 haee
1064 4018 1097 4067 de
1113 4016 1229 4080 personis
1246 4031 1314 4066 nova
1331 4031 1370 4066 εο.

121 4104 217 4154 redunt
277 4103 310 4152 62
329 4111 387 4151 τοτε
403 4102 489 4151 EAld:
517 4117 558 4151 om
576 4103 623 4152 FG
685 4106 719 4155 64
737 4104 766 4154 ἰιι
785 4104 898 4155 τινοεθ
966 4106 999 4156 68
1018 4107 1064 4153 ίνα
1082 4097 1112 4152 δέ
1128 4102 1206 4165 ιιὴἙ
1259 4101 1277 4151 i.
1289 4116 1312 4151 e.
1329 4093 1371 4151 ‘ne

121 4191 187 4238 forte
205 4186 348 4237 similitudo
365 4191 431 4236 esset
447 4201 570 4250 personae
592 4203 650 4238 cum
667 4189 836 4239 Macedonum
853 4178 952 4252 aliquo'
1024 4191 1056 4240 70
1068 4203 1106 4250 sq.
1125 4189 1235 4254 δρῶμεν
1250 4193 1318 4254 γοῦν
1336 4189 1371 4237 τὰ

122 4281 286 4340 προσωπεῖα
305 4274 352 4334 τῆς
364 4268 403 4321 Μ.
420 4287 491 4336 κωμ.
508 4272 556 4321 uir
573 4274 657 4339 ὀφρῦς
674 4274 772 4323 δποίιιιι
788 4274 906 4336 Brunck,
925 4275 1020 4324 suffieit
1032 4275 1138 4325 tortasse
1150 4274 1181 4323 ἰν
1193 4281 1251 4322 τοτε
1263 4288 1370 4338 προσω-

122 4371 210 4407 πειοιε
226 4355 354 4419 corrigere
430 4357 459 4407 71
481 4357 570 4420 στόμα
587 4357 676 4406 EAld:
704 4363 784 4411 σῶμα
801 4357 847 4408 FG
