3150 5018
581 275 628 323 DE
644 271 826 325 cononum
842 272 982 324 GRAECA

401 439 550 525 θόρυβον
573 440 762 524 εἰργάσαντο
784 459 854 521 τοῖς
877 445 969 524 πέριξ
989 446 1100 524 μέγαν,

358 557 388 607 35
401 543 447 622 ὡς
468 541 564 627 ῆλίου
586 547 757 626 τρέχοντος
778 543 896 627 ἡμέρας
919 541 1042 628 δρόμον

402 654 508 729 ζητεῖν
529 647 666 728 ἐρευνᾶν
688 656 857 729 πανταχοῦ
877 643 956 724 τοὺς
978 650 1103 725 αἰτίους

401 755 455 815 καὶ
470 746 547 827 τοὺς
562 745 725 830 γεωργοὺς
739 747 818 827 τοὺς
833 745 1003 826 παθόντας
1017 746 1075 827 τὰς
1089 748 1221 831 βλάβας.

402 853 468 916 ἐπεὶ
492 849 527 915 θ’
549 851 772 934 ἐφευρέθησαν
793 854 825 916 οὶ
847 859 904 932 γῆς
926 849 1071 933 ἐργάται,

400 952 529 1038 ἤιτησεν
552 950 672 1030 αὐτοὺς
696 949 815 1033 Ἀττικὴ
836 959 987 1034 γερουσία

358 1069 387 1119 40
401 1053 523 1133 κώμοις
545 1053 622 1137 παρ’
644 1052 756 1132 αὐτοῖς
777 1060 831 1119 καὶ
853 1051 967 1133 πότοις
988 1053 1151 1124 Διονύσου

400 1160 607 1236 τελουμένοις
628 1152 751 1234 κώμαις
773 1180 808 1220 τε
829 1162 883 1221 καὶ
905 1171 975 1235 τοῖς
993 1166 1127 1241 χωρίοις

401 1257 524 1341 βλάβας
545 1271 707 1323 κατειπεῖν
729 1255 768 1336 ἃς
790 1259 902 1337 ἔλεξαν
924 1257 1074 1341 ἐννόχως.

401 1365 434 1430 οἳ
455 1359 492 1426 θ’
513 1355 556 1424 αὖ
577 1362 729 1438 θέλοντες
751 1356 815 1438 ἅμα
837 1367 891 1424 καί
913 1358 1105 1444 δεδοικότες,

401 1469 495 1547 τρυγί
517 1468 765 1543 καταχρίσαντες
786 1458 897 1527 αὑτων
919 1459 977 1541 τός
998 1467 1091 1546 θέας,

358 1579 387 1629 45
402 1565 666 1646 α’γνωστοφανως
688 1564 781 1629 εἶπον
804 1561 849 1641 ὡς
871 1570 949 1646 πρίν
970 1563 1028 1644 τὰς
1048 1563 1182 1647 βλάβας.

401 1669 468 1733 ἐπεί
490 1665 526 1732 θ’
548 1664 746 1750 ἐσωφρόνισε
766 1663 805 1732 τό
827 1673 957 1748 πρᾶγμα
980 1666 1119 1749 πόσους,

401 1771 490 1850 έθοξε
512 1778 589 1834 πᾶσι
610 1782 681 1845 τοῖς
703 1783 819 1847 σοφοῖς
839 1767 1062 1853 βουληφόροις

400 1871 483 1956 πρὸς
505 1867 736 1953 σωφρονισμόν
757 1879 856 1937 τοῦτο
879 1869 1003 1950 παντὸς
1022 1882 1084 1939 τοῦ
1105 1881 1179 1953 βίου

400 1974 449 2040 όεὶ
470 1982 631 2039 τελεῖσθαι
653 1988 723 2050 τοῖς
745 1974 883 2055 ἐτησίοις
904 1971 1050 2056 κύκλοις,

357 2090 387 2140 50
401 2080 532 2160 έαρινῶι
553 2073 692 2156 μάλιστα
713 2083 830 2157 καιρῶι
852 2079 885 2140 δέ
907 2080 1018 2142 πλέον.

442 2187 496 2245 καὶ
518 2187 652 2262 πρῶτον
675 2175 757 2243 αότό
779 2201 849 2254 πως
869 2186 1033 2262 μετῆλθον
1055 2178 1198 2264 ἀγρόται,

401 2287 587 2360 κωμωιδίαν
610 2277 648 2364 δή
671 2304 750 2363 φημι
771 2285 825 2344 καὶ
846 2285 1042 2363 τραγωιόίαν

400 2390 455 2452 καὶ
478 2380 654 2467 σατυρικὴν
674 2387 777 2449 τῶνδε
798 2379 858 2465 τὴν
879 2379 1085 2466 μεσαιτάτην·

402 2485 522 2568 ἄνδρας
543 2483 617 2564 μετ)
639 2482 759 2562 ου’τοὺς
780 2482 908 2563 (ἐξιοῦσι
930 2482 1122 2565 πανσόφους

358 2600 387 2649 55
402 2585 530 2654 ἅπαντα
551 2584 703 2670 πράττειν
726 2584 863 2665 εὐγενῶς
884 2593 938 2651 καί
959 2595 1117 2671 κοσμίως,

401 2688 522 2773 οὕσπερ
544 2686 581 2755 τὸ
603 2686 722 2755 λοιπόν
743 2695 797 2753 καί
819 2686 1032 2769 όιόασκόλους
1054 2689 1151 2771 ἔφαν·

400 2800 510 2876 κλῆσις
533 2797 565 2857 δέ
586 2806 657 2870 τοῖς
679 2788 841 2871 σύμπασιν
864 2787 906 2874 ἦν
926 2798 1111 2876 τρυγωιόία.

396 2893 521 2978 χρόνωι
543 2898 684 2978 διηιρέθη
708 2899 740 2960 δέ
761 2902 871 2977 κλῆσις
896 2900 939 2972 εἰς
960 2902 1049 2977 τρία,

399 3002 587 3075 κωμωιθίαν
609 2994 673 3075 ἅμα
695 3021 729 3061 τε
751 3002 805 3061 καὶ
827 3001 1022 3079 τραγωιόίαν

356 3111 386 3162 60
399 3107 453 3166 καὶ
476 3095 651 3181 σατυρικὴν
673 3104 776 3164 τῶνδε
797 3095 856 3180 τῆν
877 3097 1079 3183 μεσαιτότην.

399 3200 480 3268 όσον
501 3207 561 3281 μέν
582 3198 645 3269 οὖν
668 3202 777 3283 ἔσχηκε
797 3197 857 3282 τὴν
878 3207 1088 3284 θρηνωιὸίαν,

398 3309 593 3387 τραγωιόίαν
615 3305 738 3384 ἔφασαν
760 3307 793 3369 οἱ
813 3309 920 3386 κριταὶ
941 3301 1028 3369 τότε·

400 3404 481 3474 ὅσον
503 3411 536 3471 δέ
557 3413 619 3472 τοῦ
640 3409 781 3486 γέλωτος
802 3399 842 3487 ῆν
868 3410 922 3470 καί
945 3403 1158 3486 σκωμμάτων,

305 3574 308 3581 ,
399 3513 585 3587 κωμωιδίαν
607 3508 719 3573 ἔθεντο
744 3505 805 3588 τὴν
826 3515 940 3590 κλῆσιν
962 3511 1080 3592 φέρειν.

356 3622 386 3671 65
400 3609 497 3690 ἄμφω
515 3614 553 3680 ,δέ
575 3607 658 3692 πρὸς
680 3607 833 3675 σύστασιν
853 3605 936 3693 ἦσαν
957 3618 1019 3675 τοῦ
1039 3616 1129 3687 βίου·

399 3709 417 3777 ὃ
440 3708 500 3793 γὰρ
522 3709 673 3795 τραγικὸς
699 3721 767 3778 τῶν
789 3709 888 3778 πάλαι
911 3709 999 3795 πόθη
1021 3714 1136 3795 λέγων,

393 3811 539 3898 Ῥῆσους,
568 3810 723 3896 Ὀρέστας,
749 3821 917 3895 Φοίνικας,
942 3810 1158 3897 Παλαμήδεις,
1211 3841 1213 3846 ·

397 3913 476 3993 τοὺς
497 3922 623 3997 ζῶντας
645 3913 817 3998 ἐξήλαυνεν
840 3915 1024 4000 ἀγερωχίας.

397 4016 415 4082 ό
439 4015 582 4096 κωμικὸς
604 4021 637 4082 δέ
662 4041 730 4095 πως
751 4028 855 4116 γελῶν
877 4024 1073 4098 κωμωιόίαις

237 4279 271 4328 40
289 4279 335 4327 καί
353 4276 408 4342 πρό
427 4284 485 4325 τοτε
501 4274 551 4323 ΒΜ
629 4276 660 4326 51
685 4274 752 4323 αὐτὸ
770 4278 830 4323 πῶς
845 4275 881 4324 P:
909 4275 980 4324 αὐτὰ
997 4278 1057 4324 πῶν
1073 4274 1148 4325 ΑΒΜ
1192 4322 1194 4327 ,
1224 4272 1410 4341 μετῆλθινΡ

186 4365 219 4416 56
238 4362 308 4431 ἔφην
324 4363 354 4423 P,
372 4361 405 4411 cf.
423 4360 662 4414 Arist.Ban.1054
713 4359 746 4410 67
763 4351 971 4423 ΠαλαμῆόασΡ
1022 4361 1055 4411 68
1075 4355 1217 4419 ἐξέλαννεν
1234 4361 1284 4410 ΒΜ
1337 4365 1373 4417 69
1393 4368 1410 4417 ό

44 4511 47 4516 ¹
151 4463 193 4496 om
210 4446 284 4497 ΑΒΜ
353 4451 413 4496 πῶν
429 4445 494 4496 codd
