3150 5018
220 293 258 351 16
641 297 688 346 DE
705 295 885 347 cononmn
901 296 1040 374 omen

302 461 423 547 ταύτην
445 461 507 532 οὖν
521 464 579 548 τὴν
599 472 784 544 κωμωιδίαν
800 472 848 532 δεῖ
859 474 1019 545 βιωτικῶς
1035 460 1277 544 ἀναγινώσκειν,
1299 465 1472 529 τουτέστιν
1485 472 1517 523 80

218 591 263 644 ως
285 568 320 631 ἐν
342 576 401 631 τῶι
422 575 507 648 βίωι,
533 572 753 646 μιμουμένους
774 565 812 634 τὸ
834 565 1108 651 παρεισαγόμενον
1130 562 1309 648 πρόσωπον
1332 569 1386 628 καί
1409 560 1473 646 τὴν

218 669 342 733 ἐκείνου
366 673 471 750 σχέσιν
493 669 786 748 άυαματτομὲνονς.

301 892 333 942 81
353 892 522 958 παρεισάγον
539 889 608 940 Sbw

468 1399 505 1465 V.
542 1396 708 1465 Gnosso
730 1396 1033 1465 ETYMOLOGIOI
1056 1394 1208 1462 MAGNI.

298 1608 328 1665 p.
345 1592 417 1666 764,
443 1592 455 1645 1
482 1591 656 1668 τραγωιδία
678 1587 743 1651 ἐστί
764 1592 848 1664 βίων
869 1592 922 1651 καί
945 1583 1054 1665 λόγων
1075 1582 1227 1665 ἡρωικῶν
1248 1589 1383 1664 μίμησις.
1419 1586 1476 1646 κέ·

215 1698 327 1771 κληται
351 1692 384 1753 δὲ
406 1692 580 1770 τραγωιδία
603 1684 653 1753 ότι
675 1684 793 1771 τράγος
814 1697 865 1771 τῆι
887 1686 978 1770 ωἰδῆι
1001 1683 1107 1752 άδλον
1129 1687 1270 1751 ἐτίθετο·
1303 1679 1381 1764 ωἰδη
1405 1680 1473 1766 γὰρ

214 1788 233 1872 ἡ
255 1795 437 1872 τραγωιδία.
474 1786 493 1871 ἢ
518 1784 568 1853 ὅτι
589 1787 692 1872 τρύγα
714 1785 820 1856 ἆθλον
843 1787 1027 1868 ἐλάμβανον
1049 1791 1080 1853 σί
1095 1794 1264 1865 νικῶντες
1286 1782 1389 1868 τρύγα
1405 1783 1472 1868 γὰρ

215 1890 355 1957 ἐκάλουν
375 1888 409 1956 ὀί
432 1897 563 1956 παλαιοί
585 1889 644 1957 τὸυ
665 1895 742 1957 νέον
765 1893 867 1958 οίνον.
902 1888 987 1974 ἢδτι
1002 1885 1206 1972 τετράγωνον
1222 1891 1309 1970 εἶχον
1324 1892 1356 1954 οἱ
1368 1896 1472 1970 χοροί
1534 1897 1538 1905 ’

215 2001 322 2074 σχῆμα.
369 1990 461 2075 ἢότι
483 1991 523 2059 τὰ
545 1991 651 2059 πολλὰ
674 1997 705 2058 σί
724 1999 819 2076 χοροί
848 1995 883 2057 ἐκ
905 1989 1058 2075 σατύρων
1081 1999 1284 2071 συνίσταντο,
1314 1987 1372 2066 οὓς
1396 1988 1505 2055 ἑκά-5

213 2103 296 2160 λονν
324 2092 465 2176 τράγους
493 2091 697 2173 σκάπτοντες
724 2093 743 2177 ἢ
774 2091 824 2161 διὰ
851 2093 910 2177 την
931 2103 992 2160 τοῦ
1013 2091 1161 2171 σώματος
1183 2090 1342 2176 δασύτητα
1369 2089 1390 2173 ἢ
1413 2091 1470 2160 διὰ

212 2190 273 2276 τὴν
294 2201 366 2276 περὶ
387 2194 428 2261 τὰ
449 2195 621 2277 άφροδίσια
644 2193 808 2279 σπονδήν·
840 2205 994 2262 τοιοῦτον
1021 2192 1081 2278 γὰρ
1104 2191 1142 2260 τὸ
1164 2201 1272 2285 ζῶιον.
1317 2189 1410 2276 ἢότι
1434 2201 1470 2261 οῖ

211 2303 361 2378 χορευταί
389 2295 447 2377 τὰς
475 2296 577 2378 κόμας
606 2297 795 2379 α’νίπλεκον,
825 2307 925 2381 σχῆμα
953 2295 1083 2380 τράγων
1110 2293 1309 2375 μιμούμενοι.
1354 2294 1469 2378 ἢάπὸ

212 2407 268 2480 τῆς
288 2396 407 2481 τρυγὸς
428 2406 610 2483 τρυγωιδία.
655 2396 697 2482 ἦν
720 2404 752 2465 δὲ
774 2396 939 2477 τὸόνομα
960 2395 1197 2465 τοῦτοκοινόν
1224 2404 1278 2463 καί
1300 2395 1382 2481 πρὸς
1404 2396 1468 2482 τὴν

212 2505 407 2581 κωμωιδίαν,
442 2504 508 2566 ἐπεί
541 2500 635 2568 ούπω
665 2505 838 2583 διεκέκριτο
861 2500 900 2566 τὰ
922 2508 978 2583 τῆς
1000 2497 1158 2583 ποιήσεως
1186 2503 1352 2582 ἑκατέρας,
1384 2499 1514 2566 άλλ’1σ

213 2607 258 2679 είς
280 2600 382 2685 αύτὴν
403 2604 438 2667 ἓν
460 2599 501 2686 ἦν
523 2601 561 2668 τὸ
583 2599 726 2686 ἆθλονίγ
749 2599 846 2685 τρύξ·
868 2599 1005 2683 ὕστερον
1028 2606 1060 2666 δὲ
1081 2599 1200 2679 τὸμὲν
1221 2599 1336 2667 κοινὸν
1358 2595 1467 2681 ὄνομα

212 2705 301 2785 ἔσχεν
323 2701 342 2786 ἣ
365 2710 556 2787 τραγωιδία·
588 2705 606 2786 η
630 2709 663 2770 δὲ
683 2709 849 2782 κωμωιδία
871 2700 1047 2786 ὠνομάσθη
1073 2700 1178 2785 ἐπειδὴ
1199 2701 1360 2786 πρότερον
1380 2702 1466 2772 κατά

212 2801 322 2884 κόμας
344 2807 455 2886 ἔλεγον
477 2802 559 2872 αὐτὰ
582 2808 616 2871 ἐν
638 2821 709 2884 ταῖς
731 2807 858 2888 ἑορταῖς
879 2813 940 2872 τοῦ
955 2802 1117 2872 Διονύσου
1139 2811 1193 2870 καί
1215 2814 1271 2889 τῆς
1285 2804 1465 2891 Δήμητρος.

212 2905 230 2989 ἢ
253 2905 341 2989 παρὰ
362 2904 400 2973 τὸ
423 2903 584 2989 κωμάζειν
605 2906 623 2990 ἡ
647 2910 698 2973 ἐπί
719 2916 780 2973 τῶι
802 2904 926 2985 κύματι
948 2902 1044 2989 ωἰδή·
1066 2904 1170 2989 ἐπειδὴ
1192 2911 1243 2972 ἐπὶ
1259 2911 1286 2986 (λ
1305 2914 1388 2991 περί)
1403 2908 1465 2976 τὸν

211 3007 327 3092 καιρὸν
354 3017 416 3076 τοῦ
437 3007 546 3076 ῧπνου
574 3006 633 3092 τὴν
655 3006 755 3092 άρχδγν
778 3010 943 3092 ἐφευρίδη.
987 3007 1006 3091 ἢ
1035 3006 1054 3092 ἢ
1082 3017 1150 3075 τῶν
1177 3019 1338 3092 κωμητῶν
1366 3008 1510 3096 ῶιδῆ·15

106 3119 108 3123 ’
210 3119 315 3188 κῶμαι
337 3109 397 3194 γάρ
419 3115 567 3192 λέγονται
590 3115 622 3177 οί
644 3118 788 3192 μείζονες
811 3110 912 3193 άγροί.
958 3107 1176 3188 βλαπτόμενοι
1191 3109 1251 3195 γάρ
1266 3137 1350 3191 τινες
1364 3138 1466 3198 γεωρ-

211 3217 263 3292 γοί
278 3210 365 3295 παρὰ
380 3221 449 3278 τῶν
460 3211 612 3297 Ἀθήνησι,
626 3221 772 3278 πολιτῶν
786 3211 955 3295 κατήιεσαν
971 3218 1043 3295 περί
1058 3210 1116 3277 τὸν
1131 3211 1245 3296 καιρὸν
1267 3223 1328 3280 τοῦ
1342 3211 1466 3300 ύπνου,
1498 3267 1501 3271 ·

210 3318 263 3377 καί
290 3311 468 3395 περιιόντες
495 3312 553 3392 τὰς
581 3312 694 3394 άγυιὰς
721 3313 833 3395 ἔλεγον
856 3314 1003 3392 άνωνυμί
1033 3311 1090 3392 τὰς
1110 3311 1233 3394 βλάβας
1262 3313 1299 3394 ἃς
1321 3318 1466 3399 ἔπασχον

209 3412 273 3478 ὑπ’
289 3412 412 3495 αύτῶν,
436 3415 509 3481 οἷον
527 3416 685 3482 ‘imoimo
699 3420 785 3494 με’νει
801 3403 850 3495 τις
868 3414 908 3481 τὰ
923 3423 977 3482 καί
991 3414 1030 3482 τά
1046 3416 1176 3484 παιών’.
1222 3424 1276 3483 καί
1291 3420 1324 3482 ἐκ
1339 3416 1464 3486 τούτου

210 3513 311 3597 άνοχη
331 3523 400 3581 τῶν
423 3515 557 3583 άδικιῶν
580 3520 708 3599 ἐγίνετο.

294 3806 327 3854 V.
345 3807 427 3869 petito
443 3807 506 3857 haeo
525 3807 580 3857 sive
597 3823 611 3857 e
626 3807 731 3856 scholiis
744 3808 771 3856 in
784 3806 902 3870 Dionysii
913 3807 1004 3856 Artem
1021 3806 1075 3856 sivo
1094 3821 1126 3855 ox
1144 3808 1232 3857 eodem
1250 3809 1318 3858 unde
1335 3807 1383 3858 illa
1399 3825 1464 3873 pon-

209 3890 270 3938 dent
287 3889 390 3941 anctore

295 3994 325 4043 11
346 3995 383 4042 ele
402 3994 485 4043 αὐτὰν
501 3994 533 4054 V,
561 3994 620 4043 fort.
638 3993 767 4060 ἑκατέρας
833 3994 865 4044 13
882 4008 915 4042 an
933 3993 1032 4042 aoros?
1093 3995 1125 4044 16
1143 3994 1235 4057 incipit
1252 3996 1366 4049 narratio
1383 4011 1465 4059 quam

209 4077 350 4155 pleniorem
368 4079 492 4142 proposui
509 4094 536 4129 n.
554 4079 592 4127 IV
610 4093 635 4141 p.
650 4079 680 4128 12
