3150 5018
236 247 298 305 204
613 246 849 303 GLOSSARIVM
866 247 1109 304 rrntnorlcvn

321 423 353 472 56
379 417 498 489 Hesych.
517 409 686 483 ἄλανέοις·
705 410 878 489 ὁλοσχερῶς.
905 422 1087 490 Ταραντῖνοι.
1110 416 1145 472 ei.
1156 417 1231 472 idem
1243 410 1382 490 ἄλλανὴς·
1399 411 1484 490 ἄσφα·

234 499 290 576 λὴς.
326 494 465 567 Λάκωνες
487 508 515 556 et
537 496 652 568 ἄλανές·
683 493 788 574 ἄληᾶἐς
810 495 998 574 (άσφαλέςί).
1032 495 1182 570 άᾶλανέως
1206 509 1250 558 est
1271 503 1302 558 in
1323 503 1407 559 titulo
1424 504 1486 560 Eleo

234 588 305 643 IGA
324 592 394 642 113ο
410 604 438 656 p.
450 591 507 653 118,
524 587 643 642 inuentae
660 603 728 642 vero
746 586 965 657 significationis

321 764 352 812 57
380 758 499 830 Hesych.
517 753 700 831 ἁλιακτήρ·
727 757 820 825 τόπος
841 755 873 815 ἐν
893 747 928 814 ab
946 751 1135 830 ἄθροίζονται
1154 756 1182 815 οἱ
1200 761 1328 817 Σικελοί.
1364 753 1486 818 ἄλιαίαν·

234 843 396 917 ἐκκλησίαν.
436 848 616 917 Ταραντῖνοι.
651 843 782 913 seriptum
804 843 869 899 olim
895 842 981 897 fuisse
1004 842 1115 898 videtur
1136 844 1215 898 velut
1241 842 1269 901 οί
1296 843 1354 918 γὰρ
1379 849 1488 903 Σικελοί

234 931 261 992 (i.
275 948 298 985 e.
316 931 451 995 Italiotae)
479 925 564 986 ἄλλαν
586 924 639 999 τὴν
659 925 821 1000 ἐκκλησίαν.
852 923 1003 998 Ἂλιακτὴρ
1029 934 1120 983 autem
1146 944 1204 983 non
1230 935 1287 983 tam
1313 929 1368 986 loci
1394 948 1489 987 nomeu

237 1031 319 1084 quam
336 1015 509 1071 simulacrum
530 1014 651 1070 numinis
672 1014 793 1083 positum
816 1013 846 1067 in
862 1012 934 1079 foro,
955 1029 1013 1068 non
1030 1013 1108 1068 Iovis
1125 1013 1294 1070 Liberatoris
1312 1015 1409 1081 (schol.
1426 1017 1490 1072 Plan

234 1100 318 1171 Eryx.
335 1116 363 1169 p.
381 1105 429 1154 332
436 1105 461 1165 a)
484 1100 547 1155 dieo
569 1105 686 1154 statuam
709 1098 869 1163 maximam,
891 1098 1007 1169 Lysippi
1025 1114 1096 1167 opus
1114 1098 1212 1164 (Strab.
1230 1099 1271 1155 VI
1288 1115 1316 1168 p.
1329 1104 1390 1155 278.
1424 1101 1490 1155 Plin.

235 1185 359 1240 XXXIV
376 1190 428 1251 llll,
446 1185 496 1240 sed
510 1184 602 1239 herois
619 1184 760 1238 cuiusdam
779 1199 860 1252 quem
878 1183 998 1252 populus
1011 1176 1180 1265 Ἆλιακτηρα
1197 1186 1410 1253 nuncupaverit.

321 1358 352 1408 58
379 1354 498 1426 Hesyeh.
520 1348 661 1422 ἄματίς·
689 1343 774 1420 ἄιταξ.
812 1357 992 1425 Ταραντῖνοι.
1032 1353 1082 1407 vix
1108 1359 1180 1408 reete
1205 1345 1313 1422 ἄμᾶκις
1339 1355 1491 1426 corrigebat

234 1439 354 1506 Ahrens‚
373 1439 449 1509 quod
466 1446 509 1494 est
527 1439 672 1494 Creticum.
707 1436 795 1492 simile
812 1436 930 1493 sonasse
948 1428 1033 1504 αὖτις.

322 1614 353 1663 59
380 1609 498 1680 Hesycb.
521 1603 677 1680 ἄμὴκαια·
704 1608 790 1665 δεινά.
828 1611 1007 1680 Ταραντῖνοι.
1042 1607 1143 1662 frustra
1166 1607 1318 1678 Sopingius
1339 1609 1492 1679 corrigebat

236 1688 360 1766 ἄνήκοα,
378 1695 454 1764 quod
471 1687 585 1750 ἄνᾶκοα
603 1709 663 1748 esse
681 1692 809 1748 debebat.
844 1709 887 1748 res
904 1693 1014 1747 ineerta.

321 1871 353 1920 66
380 1864 498 1939 Hesycb.
516 1856 715 1931 ἄμικόνιστος·
734 1859 832 1933 ἄρτος.
864 1866 1045 1935 Ταραντῖνοι.
1079 1862 1153 1916 idem
1166 1855 1413 1934 ἄμμισκόμιστον·
1432 1884 1491 1936 συγ·

234 1945 375 2018 κομιστὸν
393 1947 491 2022 ἄρτον.
528 1949 675 2018 utrubique
692 1947 810 2002 fortasse
827 1946 1000 2002 seribendum
1018 1942 1128 2015 ἄμμιξ
1147 1948 1174 2015 (i.
1192 1964 1216 2003 e.
1235 1941 1341 2019 ἄνᾶμιξ
1356 1965 1409 2019 pro
1428 1943 1492 2008 ἄνα·

234 2031 329 2104 μιγής,
346 2037 385 2089 uti
405 2032 492 2107 εᾶιτηξ
506 2050 558 2102 pro
576 2027 714 2105 εᾶπαγης,
732 2032 850 2088 GHerm.
868 2032 905 2086 ad
921 2033 987 2086 Eur.
1005 2030 1049 2087 Or.
1069 2036 1158 2097 1428)·
1182 2029 1377 2106 συγκᾶμιστος
1395 2031 1489 2108 ἄρτος.

235 2119 287 2173 hoe
305 2120 377 2172 enim
394 2120 475 2188 panis
492 2135 580 2189 genus
592 2117 713 2173 Galenus
730 2117 815 2187 gloss.
827 2117 911 2187 Hipp.
929 2119 969 2173 ita
986 2117 1101 2186 exponit
1117 2112 1185 2185 τοὺς
1199 2114 1348 2191 ῥυπαροὺς
1359 2115 1491 2190 (ἄρτους),

236 2200 279 2261 διὰ
298 2201 332 2261 τὸ
353 2205 448 2260 πάντα
467 2195 527 2273 ἄμα
546 2201 581 2260 τᾶ
600 2200 707 2274 ἄλευρα
726 2204 953 2275 συγκομίζεσθαι
970 2207 1019 2259 καί
1036 2202 1074 2274 μὴ
1092 2205 1304 2277 διακρίνεσθαι,
1326 2205 1421 2260 mixtis
1438 2204 1491 2259 fur·

234 2288 341 2344 iuribus
359 2297 388 2345 et
403 2289 500 2356 farina,
517 2290 598 2358 panis
615 2288 760 2343 furfureus.
1228 2287 1230 2290 ⁴

321 2464 352 2514 61
380 2459 499 2532 Hesych.
518 2451 721 2529 ἄμπίθυρον
738 2465 851 2529 ί-ουρον
868 2458 933 2513 cod:
951 2474 1019 2513 corr.
1038 2459 1074 2514 Is.
1086 2459 1224 2524 Vossiusl·
1243 2463 1360 2516 πυλῶνα
1383 2464 1490 2532 Ταραν·

235 2553 316 2601 τῖνοι.
350 2562 379 2599 v.
403 2545 439 2600 ad
462 2545 585 2616 syranus.
609 2544 693 2613 gloss.
716 2548 745 2609 3,
771 2543 800 2597 in
826 2542 919 2599 latinis
944 2544 1032 2599 titulis
1057 2543 1271 2614 ampitheatrum
1297 2545 1434 2612 scribitur,
1459 2547 1491 2601 ef.

235 2629 386 2685 WScbulze
403 2631 432 2685 in
451 2629 555 2685 Kuhnii
573 2629 651 2684 Arm.
668 2629 780 2683 XXXII
797 2632 855 2683 388.

322 2804 353 2853 62
382 2799 501 2872 Hesych.
519 2793 676 2867 ἄμιᾶσας·
704 2796 858 2870 κρεμάσας.
897 2802 1077 2868 Ταραντῖνοι.
1147 2794 1298 2868 ἄνεμάσας
1315 2801 1492 2872 intellegebat

236 2885 363 2940 Immiseh
386 2884 403 2939 l.
422 2903 443 2939 s.
466 2902 494 2954 p.
512 2889 562 2939 216
585 2883 628 2951 (ei.
652 2883 771 2955 Hesyeh.
795 2876 925 2953 ἄμῶνας
953 2879 1005 2950 τὰς
1027 2877 1184 2952 ἄνεμᾶνας.
1220 2885 1357 2953 Αἰολεῖς),
1384 2888 1434 2943 sed
1459 2887 1491 2943 cf.

236 2969 355 3041 Hesych.
378 2966 517 3039 ἄμμᾶξαι·
546 2969 687 3041 αίωρῆσαι
712 2972 760 3024 καί
785 2964 936 3040 κρεμάσαι.
971 2968 1059 3024 fuitne
1086 2964 1221 3043 ἄμβῶσαι
1247 2978 1276 3026 et
1302 2965 1432 3046 άμβάξαι
1457 2973 1490 3028 ab

235 3050 313 3127 ἄμβη
331 3051 434 3129 ἄμβων
450 3053 611 3110 vocabulis?

323 3229 354 3278 63
382 3224 500 3297 Hesyuh.
519 3218 654 3282 ἄναλεῑ·
674 3219 815 3294 σχολάζει.
855 3227 1034 3296 Ταραντῖνοι.
1070 3224 1172 3280 ineerta
1188 3242 1241 3292 res,
1258 3243 1286 3280 v.
1304 3228 1342 3282 ad
1359 3228 1396 3297 gl.
1411 3233 1451 3283 51.

322 3398 354 3446 64
381 3394 499 3466 Hesyeh.
518 3387 640 3465 ἄναρός·
664 3389 793 3464 ἄγγελος.
821 3396 1002 3465 Ταραντῖνοι.
1037 3393 1091 3449 fuit
1107 3391 1271 3469 ἄγγαρος.
1300 3397 1336 3453 ef.
1354 3398 1408 3454 lex.
1426 3398 1491 3454 rhet.

236 3495 264 3546 p.
277 3482 336 3543 212,
348 3483 363 3532 3
376 3478 465 3534 Beklr.
494 3480 539 3533 Et.
552 3479 587 3532 M.
601 3484 625 3544 7,
638 3483 670 3533 26
683 3485 711 3533 et
724 3483 748 3545 6,
760 3483 803 3544 44,
819 3478 868 3534 ubi
888 3476 916 3534 ol
933 3470 961 3534 δ’
980 3471 1061 3536 αὐτοὶ
1078 3484 1127 3537 καί
1144 3473 1290 3538 ἄστάνίαι.
1326 3482 1392 3537 hine
1409 3483 1490 3552 expli·

236 3563 324 3616 canda
341 3563 434 3632 glossa
451 3562 570 3635 Hesyeh.
588 3556 740 3635 ἄστᾶνδης·
758 3556 967 3636 ἡμεροδρόμος.
994 3559 1013 3636 ἢ
1029 3560 1154 3636 ἄγγελον
1174 3571 1355 3639 Ταραντῖνοι.

323 3755 355 3803 65
382 3750 500 3821 Hesych.
524 3744 676 3822 ἄνασοβεῑ·
704 3743 841 3808 ἄνακινεῐ.
881 3755 1059 3823 Ταραντῖνοι.
1093 3753 1208 3822 vulgare
1225 3753 1343 3809 verbum
1361 3771 1376 3809 e
1393 3755 1491 3810 Taren·

236 3837 356 3890 tinorum
374 3853 426 3890 usu
443 3842 568 3890 notatum
591 3836 649 3890 iure
668 3835 829 3891 offendebat
845 3837 1007 3891 Piersonum
1024 3837 1108 3892 Moer.
1125 3854 1153 3906 p.
1166 3842 1229 3905 341,
1252 3839 1300 3908 qui
1321 3844 1492 3913 Ταραντῖνοι

236 3938 298 3976 voe.
311 3921 347 3975 ad
364 3921 553 3990 insequentem
571 3921 692 3990 glossam
709 3928 863 3989 corruptam
875 3914 1006 3978 ἄνασεῐν·
1025 3915 1223 3994 ἄναφέρεσθαι
1239 3923 1381 3981 mansioni
1396 3925 1492 3990 voluit,

237 4008 273 4061 ad
290 4006 498 4076 praesedentem
516 3999 733 4078 ἄνασκολύψας·
752 4003 903 4078 γυμνάσας
914 4007 1112 4064 Valckenarius
1128 4009 1242 4065 Theoer.
1259 4010 1358 4065 Adon.
1370 4027 1398 4080 p.
1412 4015 1492 4075 2850,

237 4091 271 4146 ef.
289 4090 379 4146 Bekk.
397 4090 455 4144 An.
473 4094 559 4156 423,1
583 4084 798 4148 ἄντεσκόλυπτε·
823 4093 929 4159 κυρίως
951 4088 985 4149 τὸ
1004 4093 1093 4166 δέρμα
1116 4089 1240 4168 ἄφὴιρει.
1271 4092 1322 4168 ἤδη
1340 4097 1370 4152 δὲ
1391 4091 1490 4154 καὶτὸ

234 4172 365 4248 ἐγύμνου.
402 4191 445 4229 res
462 4175 574 4230 incerta.
611 4177 615 4186 '

322 4351 355 4400 66
379 4343 498 4416 Hesyeh.
518 4341 663 4402 ἄναυτα’
681 4337 865 4415 ἧπειριυτικά.
893 4334 1064 4420 Ταραντῖνοι
1077 4352 1252 4423 παραχρῆμα
1265 4349 1405 4424 λέγουσιν.
1428 4354 1492 4409 item

235 4428 369 4505 πάραυτα
388 4429 537 4485 dicebatur.
