3150 5018
657 276 810 327 szzffl
1325 274 1365 333 33

193 449 287 510 1136.
310 452 382 529 περὶ
397 455 541 531 ποιητῶν
557 445 714 525 πολλάκις
728 444 807 524 ὑμῖν
827 445 1012 528 ἐδιδάξαμεν
1026 454 1080 513 καί
1096 453 1234 530 διαρκῶς
1249 449 1366 512 ἕκαστα
1392 475 1415 518 p.
1425 463 1465 506 119
1475 463 1496 506 K

109 553 330 630 έξεπίστασθε,
359 551 424 632 είδη
453 575 487 615 τε
508 547 638 615 τούτων
660 544 779 614 καὶτὰ
801 559 1022 634 γνωρίσματα,
1045 558 1113 615 τῶν
1142 558 1304 632 σκηνικῶυ
1332 575 1367 614 τε

109 650 188 731 τοὺς
206 650 329 734 χοροὺς
357 654 391 716 έκ
413 648 527 717 πόσων
550 651 680 734 ἀνδρῶν
708 657 761 717 καὶ
789 659 822 716 τί
847 650 985 718 έκάστωι
1010 649 1049 717 τὸ
1079 657 1187 735 δῶρον
1216 657 1269 715 καί
1297 660 1367 729 πῶς

111 756 330 837 ε’φευρέθησαν
351 759 406 818 καί
428 751 479 819 διά
506 762 538 819 τί
565 758 714 834 λέγονται
743 752 888 837 δράματα
918 761 971 819 καί
1000 753 1041 820 οὐ
1069 750 1256 837 γράμματα·
1283 752 1366 818 άλλα

70 864 164 922 θοκαί
186 865 249 923 νῦν
272 854 487 939 έπιδρομάδην
509 864 577 921 τῶν
600 862 762 938 σκηνικῶν
784 854 979 939 ποιημάτων,
996 854 1036 921 τά
1062 864 1171 939 καίρια
1199 858 1365 921 διδακτέον

111 984 176 1039 μοι,
199 963 253 1024 ίνα
275 962 329 1022 καί
354 953 473 1038 ψώραν
501 959 664 1040 ἐξηγητῶν
691 972 762 1036 ταῖς
793 964 963 1042 διαφοραῖς
993 955 1224 1041 έκκαθάρωμεν
1254 956 1365 1022 καὶτὸ

112 1063 287 1126 Διονυσίου
309 1083 343 1124 τε
364 1065 419 1124 καί
440 1058 617 1125 Εὐκλείδου
639 1065 693 1124 καί
714 1057 880 1143 Κράτητος
907 1068 1046 1138 σκολιῶς
1074 1066 1128 1125 καί
1155 1062 1368 1142 πεφυρμένος

113 1170 166 1228 καί
189 1159 442 1244 ἀπαρατηρήτως
464 1166 587 1243 γραφέν
610 1165 653 1238 είς
675 1158 714 1226 τὸ
743 1169 815 1245 περί
836 1171 945 1246 μερῶν
974 1167 1157 1241 κωμωιδίας
1186 1167 1239 1227 καί
1267 1186 1368 1244 παρα-

113 1263 236 1343 βάσεως
259 1260 447 1350 εάθυτάτως
468 1287 502 1326 τε
524 1269 577 1327 καί
600 1259 753 1346 άφάρτως
773 1263 848 1341 μετ’
870 1261 1062 1342 ἐπιστάσεως
1082 1271 1194 1344 σαφῶς
1209 1259 1368 1346 παραστή-

73 1378 224 1443 65σαιμεν
247 1364 328 1431 κατά
350 1389 384 1430 τε
407 1361 464 1446 τὴν
487 1370 606 1446 πρᾶξιν
628 1362 729 1446 αάτήν
751 1372 805 1430 καί
827 1363 984 1431 τὸνύοῦν
999 1375 1067 1431 τῶν
1088 1372 1225 1445 βιβλίων
1240 1372 1293 1429 καί
1309 1362 1368 1446 τὴν

115 1465 277 1551 άλήθειαν.
323 1473 377 1541 καί
399 1464 435 1548 δή
457 1473 590 1549 πρῶτον
612 1465 750 1550 άρκτέον
770 1492 827 1546 μοι
848 1472 951 1549 λέγειν
972 1466 1030 1547 τὰς
1052 1463 1217 1551 διαφοράς.

200 1571 243 1631 ΙΙΙ
265 1575 315 1632 37.
342 1566 371 1651 η
393 1573 558 1647 κωμωιδία
579 1572 771 1650 μεμιγμένον
792 1585 862 1649 τοῖς
877 1567 1065 1648 σκώμμασιν
1081 1570 1141 1651 εἶχε
1160 1568 1219 1635 τὸν
1234 1573 1367 1650 γέλωτα,

113 1670 328 1754 ητραγωιδία
351 1674 454 1753 πένθη
481 1676 535 1735 καί
557 1669 742 1753 συμφοράς·
764 1669 785 1754 ἣ
812 1671 966 1756 σατυρικὴ
995 1678 1028 1739 δέ
1056 1679 1184 1756 ποίησις
1213 1671 1274 1739 οὐκ
1303 1671 1367 1739 άπὸ

114 1777 257 1851 πένθους
279 1777 322 1849 είς
341 1770 447 1856 χαράν
468 1780 639 1846 καταντᾶι,
662 1771 708 1850 ὡς
729 1772 749 1838 ὃ
769 1773 949 1857 Εὐριπίδου
973 1773 1112 1859 Ὀρέστης
1140 1780 1194 1839 καί
1213 1772 1369 1857 Ἄλκηστις

72 1882 167 1940 τθκαί
194 1872 213 1957 η
240 1883 301 1940 τοῦ
328 1877 541 1954 Σοφοκλέους
564 1872 730 1958 Ἠλέκτρα,
760 1874 806 1955 ὡς
831 1876 911 1957 κάμέ
939 1882 970 1944 οί
999 1875 1165 1953 άσκέπτως
1193 1884 1369 1958 ληροῦντες

113 1980 260 2060 ἐξηγηταί
280 1983 334 2041 καί
356 1973 554 2059 γράψαικαὶ
576 1975 699 2056 διδάξαι
721 1975 898 2062 ἠπάτησαν,
922 1978 1000 2045 ἄλλ’
1022 1978 1118 2060 άμιγή
1145 1984 1199 2042 καί
1217 1986 1368 2060 χαρίεντα

113 2085 167 2144 καί
187 2075 365 2157 θυμελικὸν
395 2079 454 2159 ἔχει
476 2082 607 2158 γέλωτα.
655 2085 705 2143 38.
733 2081 807 2146 οἷον
824 2081 981 2166 Ἡρακλῆς
1098 2079 1115 2145 ὸ
1138 2078 1369 2161 τεχνικῶτατος

113 2178 262 2263 γεωργός.
307 2189 440 2245 τοιαῦτα
461 2179 501 2246 τά
516 2180 673 2265 σατυρικὰ
692 2180 847 2267 δράματα,
870 2182 931 2264 ου’χ
954 2183 1007 2249 οἷα
1029 2179 1211 2266 γράφουσιν
1231 2186 1262 2248 οί
1283 2181 1372 2247 άσκέ-

113 2307 202 2360 πτως
224 2290 400 2366 ληροῦντες
414 2289 468 2347 καί
483 2285 536 2361 ἐμὲ
551 2282 652 2349 αὐτὸν
674 2282 902 2368 άπατήσαντες.
950 2291 1000 2347 39.
1023 2283 1106 2350 α’λλά
1128 2285 1242 2366 ῥητέον
1264 2291 1318 2349 καί
1339 2291 1372 2374 τί
1396 2297 1499 2353 1³·120K

72 2396 103 2446 75
113 2394 173 2450 τῶι
193 2392 267 2466 βίωι
288 2393 391 2450 ταῦτα
412 2393 577 2451 λυσιτελεῖ.
622 2384 837 2471 ητραγωιδία
859 2385 928 2452 λύει
949 2383 1008 2453 τὸν
1035 2391 1126 2466 βίον,
1156 2385 1175 2468 ἡ
1204 2392 1369 2465 κωμωιδία

115 2492 147 2551 δέ
163 2496 318 2568 συνιστᾶι,
340 2494 528 2565 θυμελικοῖς
543 2493 576 2552 δέ
590 2485 753 2569 τοιούτοις
775 2493 806 2554 οί
822 2486 956 2573 σάτυροι
975 2483 1201 2569 καθηδάνουσι
1241 2494 1369 2571 λυρικοὶ

116 2594 148 2654 δέ
178 2594 209 2654 οὶ
242 2595 296 2653 καί
328 2595 477 2654 κυκλικοί
506 2596 559 2653 καί
586 2587 775 2673 διδάραμβοι
802 2588 821 2673 ἢ
850 2587 967 2673 ήινουν
994 2595 1202 2668 κυδαίνοντες
1228 2588 1370 2672 άθλητάς

115 2689 215 2771 άγῶσι
237 2699 398 2767 νικῶντας
419 2689 438 2771 ἢ
461 2687 589 2767 ὕμνουν
610 2690 771 2758 Διόνυσον
793 2691 882 2775 ἢκαί
895 2693 1024 2776 έτέρους
1042 2689 1148 2770 θεούς.
1188 2694 1255 2756 ἐπεί
1268 2699 1370 2757 ταῦτα

116 2801 227 2874 σαφῶς
248 2791 325 2875 ἡμῖν
348 2798 401 2856 καί
425 2789 594 2870 συντόμως
616 2790 746 2876 ἐρρήθη,
770 2797 846 2876 φέρε
867 2800 920 2858 καί
943 2791 1033 2872 ὅπως
1054 2803 1155 2859 ταῦτα
1170 2790 1210 2858 τά
1225 2789 1369 2876 δράματα

70 2892 293 2960 θοέδιδάσκετο
316 2897 482 2959 διδακτέον
502 2918 568 2971 μοι.

166 3251 234 3317 VI⁸.
268 3250 295 3316 Ε
316 3248 510 3317 ΤΖΕΤΖΑΕ
530 3248 868 3317 PROLEGOMENIS
890 3248 951 3314 AD
976 3247 1315 3316 LYOOPHRONEM.

199 3408 214 3467 1
235 3426 265 3484 p.
289 3411 350 3468 254
373 3407 413 3466 M.
440 3412 604 3487 Τραγικῶν
627 3411 659 3471 δέ
680 3412 734 3470 καί
755 3412 939 3488 σατυρικῶν
961 3411 1015 3469 καί
1042 3411 1195 3483 κωμικῶν
1223 3411 1369 3486 ποιητῶν

114 3507 228 3574 κοινὸν
250 3513 309 3587 μέν
336 3505 374 3571 τὸ
395 3504 607 3590 τετραγιάνως
635 3509 716 3589 ἒχειν
739 3504 910 3584 ίστάμενον
937 3506 997 3572 τὸν
1015 3506 1119 3591 χορὸν
1146 3512 1200 3572 καί
1226 3503 1264 3570 τὸ
1291 3515 1370 3583 λαμ·

112 3608 226 3689 βάυειν
247 3608 369 3694 τράγον
389 3607 408 3692 ἢ
431 3607 542 3693 τράγα,
564 3612 709 3675 τουτέστι
731 3613 807 3675 νέον
829 3609 940 3683 οἶνον,
970 3616 1023 3674 καί
1051 3617 1227 3692 μιμητικῶς
1256 3610 1290 3673 έν
1318 3617 1369 3690 τῆι

115 3715 252 3794 θυμέληι
273 3709 313 3778 τά
335 3708 463 3778 τούτων
486 3709 630 3795 δράματα
652 3714 799 3790 λέγεσθαί
826 3735 860 3776 τε
886 3717 940 3775 καί
968 3716 1121 3793 δρᾶσθαι·
1149 3707 1308 3793 διάφορον
1335 3715 1368 3774 δέ

202 3934 233 3983 61
257 3927 480 3999 ταῖσδιαφοραῖς
501 3933 533 3981 cf.
552 3947 577 3982 v.
596 3933 629 3982 66
733 3932 775 3981 64.
789 3933 822 3982 65
840 3933 1062 3999 παραστήσωμεν
1079 3932 1140 3983 Keil
1244 3933 1276 3983 72
1300 3929 1367 3996 §38

115 4033 142 4066 v.
160 4032 240 4081 snpra
257 4018 306 4067 Pb
324 4015 384 4082 §27
478 4019 511 4068 74
532 4014 594 4081 §39
612 4031 638 4065 v.
655 4015 703 4064 Pb
720 4013 781 4080 §28
866 4020 925 4078 post
945 4032 971 4067 v.
990 4019 1024 4068 80
1044 4021 1168 4067 secuntur
1185 4017 1274 4067 eadem
1291 4018 1368 4081 plane

113 4116 183 4164 quae
200 4117 280 4166 supra
296 4103 344 4152 Pb
364 4102 425 4151 inde
443 4117 458 4151 α
481 4099 498 4166 ξ
515 4103 548 4152 33
571 4102 604 4151 ad
625 4098 642 4165 ξ
658 4102 692 4151 39
715 4100 850 4164 proposui,
877 4105 994 4151 extrema
1010 4106 1097 4152 autem
1114 4101 1194 4153 verba
1215 4102 1278 4151 haec
1295 4105 1367 4150 sunt:

118 4187 198 4236 ἕνεκα
209 4189 262 4252 μέν
275 4192 335 4238 τῶν
347 4188 505 4252 ἀχαρίστων
523 4191 611 4236 ταῦτα
630 4186 735 4254 ἐγράφη
752 4199 814 4251 μοι·
833 4180 1030 4253 ὰποδρέπεσθτ
1048 4181 1078 4237 δέ
1095 4189 1142 4237 καί
1158 4187 1235 4252 τίμασε
1252 4189 1367 4248 τούτων,

116 4271 275 4338 γεννήματα
294 4262 413 4337 έημδνῶν
430 4273 476 4329 καὶ
494 4271 645 4338 ἀχάριστοι.
680 4271 803 4340 φάμενοι
815 4264 845 4320 δέ
858 4274 904 4322 καί
923 4273 955 4321 τὸ
966 4273 1046 4339 γίνου
1063 4277 1114 4321 τοῦ
1125 4276 1244 4336 ποιητοῦ
1258 4275 1304 4322 καί
1318 4272 1368 4321 τὸν

119 4356 226 4406 οκοπδν
244 4357 295 4407 τὸν
312 4361 364 4406 τοῦ
381 4349 521 4423 δράματος
537 4356 706 4421 χωρήσωμεν
728 4356 775 4406 ίπί
794 4355 845 4417 τήν
863 4362 913 4418 τοῦ
928 4358 1056 4421 κειμένου
1073 4355 1225 4424 σαφήνειαν
1242 4356 1367 4424 (σαφήνι-

114 4442 191 4502 σινί)
209 4443 254 4490 καί
273 4434 391 4506 ογοίίων
409 4446 496 4491 τινῶν
513 4435 718 4506 ἀναπλήρωσιν.

169 4529 286 4585 Kaibol.
307 4509 397 4585 Fragmss
410 4531 470 4576 com.
484 4529 564 4574 σωω.
577 4529 596 4573 1.
1147 4527 1163 4576 3
