3150 5018
670 280 823 329 ΤΖΕΤΖΔΕ

366 456 420 515 καὶ
442 448 478 532 δὴ
500 445 539 515 τὸ
560 445 680 515 λοιπὸν
702 450 934 530 ἐγκαταρκτέον
955 451 1067 528 λέγειν.

338 564 353 612 5
410 547 579 634 ποιητικὸν
600 556 738 631 γίνωσκε
760 546 800 614 σύ
821 553 914 629 γένος
920 601 930 630 ,
953 552 1016 630 νέε,

367 650 491 730 πολλὰς
512 648 614 730 τομὰς
635 654 738 734 φέρον
759 674 793 716 τε
815 657 869 717 καί
891 654 1069 733 διαιρέσεις·

316 830 319 840 y
362 753 481 833 τὸμὲν
502 750 563 837 γὰρ
585 752 696 819 αύτῶν
717 751 855 837 λυρικὴν
876 761 990 836 κλῆσιν
1014 758 1115 838 φέρει,

367 850 449 923 ἀλλο
471 852 636 940 τραγικήν,
658 852 813 938 κωμικήν,
835 859 1025 937 μονωιδίαν,

366 964 420 1023 καὶ
443 955 619 1039 σατυρικὸν
638 964 693 1022 καί
714 953 918 1054 διθύραμβον
940 951 1052 1022 πάλιν·

325 1071 354 1120 10
368 1065 586 1144 ίαμβογραφία
608 1084 642 1125 τε
663 1057 793 1137 τούτοις
816 1062 977 1140 συντρέχει

367 1158 536 1245 ποιητικόν
558 1185 592 1227 τε
615 1170 681 1227 πᾶν
703 1158 879 1239 ἀνώνυμον
901 1165 1002 1241 γένος.

368 1271 422 1328 καί
444 1260 481 1346 δὴ
503 1260 541 1328 τὸ
564 1271 629 1328 πᾶν
656 1260 822 1345 γνώρισμα
844 1266 1068 1346 σαφηνιστέον.

410 1373 478 1430 τῶν
500 1372 643 1447 λυρικῶν
665 1362 831 1448 γνώρισμα
852 1373 986 1449 πρῶτον
1007 1363 1027 1448 ἣ
1048 1361 1149 1449 λύρα’

368 1464 450 1550 πρὸς
471 1461 532 1548 γὰρ
554 1463 659 1549 λύραν
682 1468 821 1545 ἔμελπον
849 1465 942 1533 αύτοί
964 1465 1004 1534 τὰ
1024 1471 1111 1552 μέλη.

327 1582 355 1631 15
370 1570 457 1650 εἶχον
478 1573 512 1633 δέ
534 1567 734 1651 πεντήκοντα
756 1566 834 1647 τοὺς
852 1567 1068 1652 χοροστάτας,

367 1676 421 1736 καί
442 1677 523 1750 βοῦς
544 1667 581 1735 τὸ
605 1675 713 1752 δῶρον
734 1680 896 1750 κυκλικῶς
910 1669 1114 1756 ἑστηκότων·

369 1770 508 1854 ὅθενπερ
532 1770 652 1851 αύτούς
673 1799 721 1852 τις
743 1782 836 1840 καλεῖ
853 1770 1111 1858 τανροσφάγους.

274 1905 276 1910 ·
369 1883 430 1940 τοῦ
451 1882 590 1956 λυρικοῦ
611 1873 735 1941 κύκλου
759 1880 792 1941 δὲ
818 1873 962 1959 σύστημα
983 1873 1068 1942 τόδε·

369 1974 529 2059 Κόριννα,
550 1973 690 2059 Σαπφώ,
713 1983 891 2061 Πίνδαρος,
913 1983 1128 2062 Βακχυλίδης,

325 2090 355 2140 20
370 2077 558 2162 Ἀνακρέων,
580 2076 714 2162 Ἴβυκος,
738 2076 882 2160 Ἀλκμάν,
906 2077 1064 2159 Ἀλκαῖος,

369 2179 567 2271 Στησίχορός
589 2206 623 2247 τε
644 2187 699 2247 καὶ
720 2186 903 2265 Σιμωνίδης
925 2180 989 2260 ἅμα
995 2234 1005 2264 ,

370 2280 462 2361 δεκδις
485 2283 597 2366 ἀρίστη
620 2280 778 2368 παντελὴς
801 2283 1011 2368 πληρεστάτη.

411 2383 471 2465 τὴν
493 2385 646 2468 τραγικὴν
667 2384 815 2464 μα’νδανε
836 2393 891 2452 καί
912 2391 1115 2464 κωμωιδίαν·

370 2485 468 2567 ἀμφω
491 2484 573 2570 πρὸς
595 2486 754 2567 (ἀφέλειαν
776 2486 926 2572 εὕρηνται
947 2496 1031 2568 βίου.

328 2600 357 2649 25
371 2586 430 2671 τὴν
453 2587 487 2653 δ’
509 2585 634 2672 εύρεσιν
655 2586 802 2668 μα’νδανε
824 2598 895 2670 πῶς
916 2593 1089 2674 ἐφευρέδη·
1117 2583 1120 2590 ’

371 2693 503 2773 πένητες
524 2688 638 2772 ἀνδρες
659 2689 792 2757 Ἀττικοί
814 2701 870 2774 γῆς
893 2690 1022 2776 έργάται

372 2791 495 2869 ἀδικίας
517 2789 694 2873 πάσχοντες
716 2797 751 2858 ἐν
772 2800 940 2876 γεωργίαις

373 2895 408 2974 ἐξ
431 2892 579 2960 Ἀττικῶν
604 2898 664 2973 μέν
686 2895 826 2976 εύγενῶν
848 2900 880 2961 δέ
902 2903 962 2960 τῶι
983 2899 1083 2976 γένει·

373 2995 548 3076 ἀντιλέγειν
571 3001 603 3061 δέ
624 2995 667 3080 μὴ
690 3000 862 3075 σδένοντες
883 2995 962 3079 μηδ’
983 2994 1069 3075 δλως

330 3109 359 3159 30
374 3095 531 3180 συνεργὸν
554 3096 726 3183 έξεύροντο
748 3095 808 3164 τὸν
830 3094 950 3177 νυκτὸς
971 3096 1105 3182 χρόνον.

373 3198 496 3278 κῶμαις
517 3198 578 3284 γὰρ
600 3199 694 3266 αύτοί
716 3216 788 3280 ταῖς
810 3216 989 3279 στενωποῖς
1010 3197 1151 3284 τριόδοις

372 3310 465 3381 κῶμα
487 3302 565 3368 κατ’
587 3301 667 3369 αύτὸ
689 3309 743 3368 καὶ
764 3304 889 3384 γλυκύν
914 3300 1023 3369 ῧπνου
1041 3299 1165 3386 χρόνον

373 3408 611 3488 περιτρέχοντες
633 3412 687 3470 καί
708 3409 856 3486 λέγοντες
878 3403 935 3483 τὰς
956 3403 1080 3485 βλάβας

128 3680 242 3730 Studem.
260 3694 286 3729 n.
304 3678 365 3740 921)
384 3678 511 3740 enotavit,
533 3692 590 3728 mea
605 3679 689 3742 gratia
705 3683 796 3741 parato
817 3678 903 3728 animo
925 3677 1062 3742 exscripsit
1078 3677 1273 3743 diligentissime
1290 3677 1379 3728 Fride·

128 3768 197 3816 ricus
214 3764 303 3825 Kuhn‚
328 3762 423 3812 additis
441 3763 519 3812 simul
536 3776 602 3825 quae
619 3763 675 3825 ipse
692 3763 725 3812 de
742 3764 849 3814 Tzetm
867 3763 986 3814 versibus
1003 3762 1169 3816 emendandis
1186 3762 1379 3826 explicandisve

128 3850 229 3899 utiliter
246 3849 395 3898 observarat
411 3863 463 3896 non
481 3847 578 3911 paucis.
600 3847 713 3911 duplicis
730 3848 810 3898 huius
827 3846 944 3898 beneficii
960 3847 1065 3896 meritas
1081 3847 1130 3897 hoo
1146 3847 1203 3897 Ιοοο
1220 3847 1316 3910 gratias
1332 3862 1379 3911 ago

128 3935 185 3985 viro
202 3933 356 3984 doctissimo.
385 3933 504 3994 equidem
522 3947 570 3994 pro
586 3932 665 3982 huius
682 3934 802 3983 editionis
819 3931 925 3984 oonsilio
942 3947 993 3982 non
1005 3931 1131 3995 integram
1152 3932 1268 3982 oodieum
1285 3947 1378 3983 memo·

129 4019 194 4068 riam
212 4017 309 4078 rettuli,
328 4017 372 4065 sed
391 4016 456 4080 elegi
474 4031 540 4079 quae
556 4017 701 4067 neeessaria
717 4016 868 4067 viderentur
884 4032 946 4068 esse.

214 4104 266 4154 VII
288 4101 443 4164 inscriptum
461 4116 563 4151 carmen
579 4102 608 4150 in
626 4101 647 4151 P
665 4103 701 4152 sie
724 4105 813 4166 στίχοι
831 4102 953 4152 ίωάννου
971 4106 1022 4151 τοῦ
1039 4100 1159 4164 τζίτζον,
1179 4100 1208 4149 in
1225 4101 1333 4163 reliquis
1350 4108 1380 4153 ut
1440 4098 1442 4103 ’

129 4185 212 4246 edidi,
238 4184 343 4234 adiectis
360 4190 495 4248 praeterea
511 4186 552 4235 his
575 4181 784 4253 ίογιζέαδωααν
802 4180 832 4236 δί
855 4187 892 4250 μη
911 4186 949 4236 ῶν
966 4188 1055 4249 στίχοι
1075 4176 1133 4233 ἀλλ’
1155 4187 1248 4253 ὥσπερ
1267 4188 1379 4255 ανντάγ·

128 4286 206 4335 ματα
223 4263 413 4338 καταλογάδην
428 4270 591 4338 γραφόμενα
698 4258 703 4267 ’

216 4356 247 4406 11
267 4356 476 4420 πανανῶννμον
492 4353 567 4404 ΑΒΜ
638 4356 669 4406 17
688 4353 760 4408 ὅθεν
776 4348 846 4424 παρ’
861 4356 958 4406 αδτοίε
974 4355 1024 4404 ΒΜ
1077 4353 1105 4403 in
1121 4354 1147 4405 A
1163 4357 1289 4406 scholium
1306 4356 1379 4425 Κρα-

132 4450 206 4490 τίνοε
218 4442 233 4489 δ
245 4441 371 4502 κωμικόν,
389 4439 422 4489 of.
435 4439 514 4489 schol.
523 4439 603 4490 Arist.
612 4441 678 4490 Bau.
687 4442 738 4494 357
790 4442 822 4492 31
842 4451 998 4492 amotum
1008 4439 1082 4489 ΑΒΜ
1133 4441 1167 4492 32
1185 4439 1247 4491 κατ’
1263 4443 1379 4511 αύτοῶΡ

531 4544 534 4549 .
1141 4527 1176 4576 3.
