3150 5018
637 295 817 351 tnoronot
835 296 934 351 ΜΙΜΟΙ
1349 296 1409 355 181

154 467 268 522 Lnoiani
290 466 471 522 imitationem
494 465 529 521 de
547 469 632 523 attioo
648 474 733 534 poeta
750 465 855 520 oomioo
879 469 952 519 reete
974 463 1074 533 opinor
1090 463 1318 521 Wilamowitnius
1338 466 1413 536 eogi-

154 552 234 608 tnvit.
269 550 400 624 Hesychii
417 551 511 621 glossa
528 550 625 606 similis
642 557 685 605 est
702 550 787 606 altera
803 549 872 604 haeo
889 550 1065 617 θυλακὶζειν·
1093 548 1128 605 τὸ
1147 549 1236 618 (μετὰ
1255 553 1328 621 βοῆς
1349 550 1412 606 add.

157 652 179 691 s.
191 654 219 692 v.
238 635 434 706 θανλακίζειν)
453 629 587 694 ἀπαιτεῖν
604 655 631 692 τι
649 631 796 705 ἑπόμενον
812 631 885 704 μετὰ
903 629 1040 692 θυλάκου.
1079 637 1258 705 Ταραντῖνοι.
1293 635 1367 690 unde
1385 643 1413 691 et

154 720 318 790 corrigenda
334 719 451 776 fortasse
469 727 498 776 et
514 719 668 790 supplenda
685 719 780 789 glossa
796 717 1007 790 καψιττὴδαλος·
1027 712 1044 774 ὁ
1062 723 1241 788 μεταιτῶν
1257 719 1293 778 τὰ
1307 717 1412 792 ἄλφιτα

154 809 204 862 καὶ
226 804 264 876 μὴ
287 802 424 863 διδόντων
445 799 606 876 ἁλλόμενος
627 804 683 870 (vel
705 801 817 876 ἐφαλΗ
839 806 888 861 καὶ
910 799 1063 876 tyndareo
1086 804 1145 858 sim.
1170 804 1207 859 ad
1228 811 1339 874 poetam
1360 805 1412 862 Tn-

154 891 291 946 rentinum
303 907 369 946 num
381 890 524 947 referenda
535 891 572 946 sit
582 890 684 960 glossa,
701 905 737 944 ne
755 889 794 944 sio
812 889 923 958 quidem
941 896 1051 944 eertum.
1119 904 1176 943 non
1194 889 1330 956 persuasit
1345 890 1413 944 mihi

154 975 383 1031 Wilomowitzius
401 975 521 1045 (PVoigt
538 973 635 1030 Sorani
653 973 723 1029 liber
740 973 775 1028 de
792 979 875 1045 etym.
887 988 962 1043 oorp.
972 972 1047 1027 hum.
1058 989 1086 1040 p.
1097 977 1141 1039 43)
1159 972 1310 1042 Sophronis
1327 975 1414 1031 verba

156 1060 300 1115 aMeletio
319 1068 429 1117 servato
445 1076 505 1116 esse
522 1059 621 1125 (ctam.
639 1058 697 1113 An.
715 1057 765 1114 Ox.
783 1058 934 1125 Π189,13)
956 1056 991 1115 τὸ
1010 1061 1119 1129 στῆθος
1136 1056 1248 1129 λέγεται
1265 1062 1315 1115 καὶ
1332 1059 1413 1133 orbo·

156 1164 209 1201 νον
225 1148 274 1201 καὶ
292 1149 395 1218 θώραξ
411 1184 437 1200 ..
457 1143 579 1213 στέρνον
595 1143 649 1214 μὲν
666 1142 710 1201 oroi
734 1138 770 1201 τὸ
794 1140 923 1217 στερεόν,
945 1145 995 1200 καὶ
1016 1145 1125 1209 στῆθος
1140 1138 1221 1216 παρὰ
1240 1139 1275 1201 τὸ
1294 1139 1367 1202 αὐτό
1386 1184 1413 1200 ..

156 1226 240 1286 ἄλλοι
257 1229 287 1287 δὲ
305 1220 350 1286 ὅτι
368 1227 400 1286 ἐν
418 1223 507 1286 αὐτῶν
525 1224 559 1286 τὸ
578 1221 754 1301 ἡγεμονικὸν
772 1223 899 1301 ἕστηκεν.
928 1225 959 1295 ἐξ
976 1216 1010 1285 οὗ
1021 1230 1070 1285 καὶ
1083 1222 1214 1285 ιντεῦτντί
1231 1249 1273 1296 τις
1284 1233 1414 1303 λωβῆσαὶ

157 1308 215 1371 σε’.
249 1314 334 1369 habet
349 1312 466 1370 formam
483 1330 541 1369 non
559 1313 680 1369 doricam
704 1316 832 1386 λωβήσαι
855 1312 938 1368 etiarn
955 1312 1124 1385 Hesychius,
1147 1320 1178 1368 ut
1199 1315 1334 1385 eorn'gere
1356 1332 1413 1372 non

157 1399 271 1467 audeos3
288 1399 388 1454 reotius
403 1398 520 1454 fortasse
531 1398 628 1468 tragini
640 1403 739 1467 poetae
751 1397 915 1452 versiculum
933 1399 1086 1468 adgnosoes
1104 1401 1222 1456 στεῦταί
1239 1420 1266 1457 τι
1283 1403 1415 1472 λωβήσαί

158 1503 198 1541 σε.
269 1485 388 1554 denique
405 1483 474 1538 nihil
491 1483 545 1538 nisi
562 1498 638 1538 error
654 1489 697 1538 est
714 1482 790 1538 Sexti
802 1482 881 1552 Emp.
893 1498 921 1552 p.
933 1488 992 1549 664,
1004 1488 1046 1550 32,
1063 1499 1125 1538 oum
1142 1483 1293 1553 Sophronis
1311 1485 1413 1541 dietum

157 1583 218 1623 esse
229 1568 372 1623 contendit
389 1568 465 1639 quod
476 1568 536 1638 ipse
553 1568 646 1637 paullo
664 1575 727 1623 ante
740 1574 776 1636 (p.
789 1571 847 1633 661,
861 1572 903 1632 16)
920 1567 1085 1637 Epicharmo
1097 1575 1169 1624 reete
1180 1569 1320 1636 tribuerat,
1337 1587 1365 1625 v.
1377 1571 1414 1626 ad

157 1651 254 1722 Epioh.
271 1651 304 1707 fr.
317 1657 374 1708 247.
